2119 3342
1078 173 1171 219 108

436 316 490 362 In
546 313 654 362 loco
714 314 784 361 VI
846 316 926 376 78,
986 330 1017 375 4
1074 310 1193 382 ἅπερ,
1255 317 1288 365 εἰ
1341 316 1382 375 ἐς
1435 314 1513 372 τὴν
1570 320 1877 384 Καμαριναίαν

362 406 524 465 πρῶτον
576 395 778 463 α’φίκοντο
829 397 867 446 οἱ
916 391 1148 455 Ἀθηναῖοι,
1201 396 1392 464 δεόμενοι
1430 395 1484 447 ἂν
1523 398 1878 449 ἐπεκαλεῖσθε

363 478 556 540 („sieut,
590 477 629 524 si
662 494 837 541 agrum
873 476 1280 524 Camarinensem
1314 478 1524 541 primum
1545 478 1878 527 Athenienses

363 559 672 615 invasissent,
708 575 798 605 nos
837 558 1401 622 advocavissetis‘')
1440 559 1677 607 aoristurn
1711 561 1878 623 (ἐπεκα-

363 641 559 704 λέσασθε)
610 641 772 703 potius
819 641 1233 702 exspectabamus
1281 641 1554 688 seeundum
1604 657 1691 689 eas
1740 639 1879 705 leges

365 739 494 785 quae
545 723 592 769 in
643 722 906 769 enuntiatis
946 722 1278 784 hypotheticis
1316 720 1486 770 valent
1524 721 1600 785 (cf.
1642 739 1791 785 supra
1827 741 1875 786 p.

368 821 427 851 22
470 806 595 868 Sq.)3
634 803 975 866 imperfectum
1014 813 1181 850 autem
1219 803 1296 850 hic
1335 804 1557 867 usurpari
1594 804 1789 852 videtur
1826 814 1880 852 ut

363 886 490 934 actio
542 884 854 949 praesentica
904 885 951 947 (i.
988 902 1029 933 e.
1070 885 1145 932 vis
1182 885 1543 949 exspectativ'a)
1583 886 1743 949 magis
1781 885 1878 934 elu-

363 978 474 1016 ceat
513 967 628 1030 (vid.
669 966 886 1029 ibidem).

435 1049 535 1112 (De
573 1048 736 1097 activo
774 1048 987 1098 ἐπικαλεῖν
1035 1047 1248 1108 „crimini
1288 1047 1441 1095 dare”
1477 1047 1573 1095 vid.
1611 1048 1733 1096 infra
1767 1050 1797 1112 ἓ
1830 1051 1879 1113 7)

434 1130 587 1178 Verbi
625 1132 1029 1198 προκαλεῖσθαι
1069 1127 1223 1176 semel
1262 1129 1603 1192 imperfectum
1643 1130 1878 1179 occurrit:

365 1213 435 1260 IV
492 1229 571 1273 22,
628 1228 653 1273 3
707 1216 882 1280 ὁρῶντες
933 1209 980 1261 δὲ
1029 1213 1067 1261 οἱ
1114 1210 1457 1278 Λακεδαιμόνιοι
1495 1209 1592 1271 τοὺς
1632 1208 1880 1272 Ἀθηναίους

364 1293 480 1358 (οὐκ)
543 1295 605 1345 ἐπὶ
661 1297 842 1360 μετρίοις
896 1293 1153 1352 ποιήσοντας
1211 1287 1239 1342 ἃ
1294 1297 1711 1360 προυκαλοῦντο
1760 1293 1788 1345 i.
1834 1311 1876 1342 e.

372 1394 461 1437 „ea
516 1392 646 1439 quae
701 1374 1088 1422 Atheniensibus
1143 1373 1552 1437 proponebant'':
1612 1373 1745 1436 impf.
1805 1385 1881 1423 est

364 1456 772 1520 exspectativum.
834 1455 1133 1504 Indicativus
1179 1455 1347 1503 aoristi
1397 1455 1541 1504 solito
1592 1472 1730 1504 more
1780 1456 1880 1504 vim

365 1539 694 1587 constativam
734 1537 913 1585 habet:
957 1538 998 1584 ΙΙ
1041 1550 1121 1599 72,
1170 1554 1186 1584 1
1235 1533 1338 1604 ἅπερ
1377 1542 1451 1588 καὶ
1489 1537 1534 1587 τὲ
1572 1537 1767 1605 πρότερον
1795 1537 1882 1596 ἤδη

362 1641 490 1690 πρου
504 1618 856 1687 καλεσοῖμεθα
878 1619 999 1682 (aor.
1016 1618 1163 1666 refert
1184 1618 1376 1686 adaante
1391 1617 1666 1682 proposita)
1685 1641 1695 1680 3
1714 1618 1781 1666 III
1806 1635 1822 1666 1
1838 1635 1882 1680 3,

372 1719 389 1750 1
435 1708 508 1752 νῦν
547 1700 594 1752 δὲ
632 1700 771 1757 ἐπειδὴ
814 1704 983 1750 Βοιωτοὶ
1021 1699 1500 1767 προυκαλέσαντο,
1540 1697 1661 1759 εὐθὺς
1699 1697 1884 1758 ὑπηκού-

365 1804 501 1850 σαμεν
541 1782 752 1845 (aoristis
791 1781 999 1829 refertur
1032 1781 1095 1828 ad
1129 1797 1188 1828 ea
1222 1797 1352 1843 quae
1386 1780 1537 1827 modo
1569 1780 1702 1828 facta
1733 1783 1882 1845 sunt).

435 1864 589 1912 Verbi
633 1867 983 1932 παρακαλεῖν
1031 1861 1372 1925 imperfectum
1423 1861 1603 1925 legitur
1649 1863 1668 1909 I
1717 1866 1798 1925 67,
1861 1880 1878 1911 1

363 1944 713 2014 παρεκάλουν
743 1966 785 1995 τε
814 1942 935 2004 εὐθὺς
965 1945 1005 2004 ἐς
1034 1943 1111 1999 τὴν
1140 1945 1461 2010 Λακεδαίμονα
1490 1941 1588 2004 τοὺς
1619 1942 1886 2013 ξυμμάχους

365 2028 484 2092 („ad
517 2027 800 2075 contionem
834 2024 1236 2088 convocabanff)
1266 2035 1315 2072 et
1349 2025 1498 2086 1196,
1526 2041 1548 2072 2
1585 2024 1886 2091 παρεκάλει

368 2109 690 2172 (advocabat)
747 2106 793 2158 δὲ
845 2111 919 2158 καὶ
968 2117 1051 2157 τῶν
1102 2108 1267 2175 ὀρεινῶν
1319 2114 1506 2174 Θρᾳκῶν
1555 2105 1742 2167 πολλοὺς
1789 2112 1883 2158 κτλ.

368 2191 665 2242 Indieativus
698 2189 866 2236 aoristi
899 2189 1004 2253 ejus
1037 2188 1176 2236 verbi
1208 2187 1386 2252 legitur
1418 2187 1465 2235 V
1503 2204 1584 2249 30,
1624 2205 1646 2235 2
1684 2189 1887 2237 notione

367 2271 604 2335 plqpfeeti
655 2271 817 2318 Latini
867 2270 1119 2333 praeditus
1160 2267 1887 2338 (παρεκάλεσανεειάνοεᾶ-

366 2354 562 2416 verant)
625 2363 674 2401 et
731 2353 749 2399 I
809 2354 890 2412 68,
948 2368 971 2398 2
1026 2348 1144 2415 (ἄλλ’
1193 2350 1334 2407 ἐπειδὴ
1384 2353 1428 2401 ἐν
1475 2361 1533 2421 τῷ
1584 2349 1689 2419 ἔργῳ
1743 2352 1885 2418 ἐσμέν,

367 2433 465 2494 τοὺς
533 2431 800 2501 ξυμμάχους
862 2430 1013 2484 τούσδε
1069 2433 1491 2501 παρεκαλέσατε
1555 2433 1648 2494 „ad
1704 2434 1887 2481 contio-

370 2532 484 2562 nem
544 2513 908 2576 convocastis‘')
972 2514 1036 2561 ad
1098 2514 1146 2560 id
1195 2514 1328 2577 quod
1380 2514 1531 2561 modo
1580 2514 1764 2562 factum
1813 2525 1888 2563 est

368 2596 598 2643 referens.

441 2677 607 2724 Etiam
672 2676 809 2723 verbi
872 2673 1273 2744 πρεσβεύεσθαι
1331 2675 1582 2740 („legatos
1640 2677 1885 2735 mittere'‘,

377 2775 493 2821 „per
530 2757 726 2822 legatos
766 2757 973 2821 agere”)
1012 2757 1281 2804 formarum
1321 2758 1740 2821 praesenticarum
1779 2775 1887 2821 pro-

366 2840 470 2904 pria
521 2850 596 2888 est
634 2839 769 2888 notio
809 2838 1166 2904 exspectativa‚
1208 2856 1337 2904 quae
1376 2838 1505 2889 clare
1543 2837 1704 2888 elucet
1741 2839 1788 2886 in
1830 2839 1885 2888 iis
