2119 3342
912 197 971 246 25

257 331 429 394 Atque
475 328 685 392 primum
724 324 1066 389 imperfectum
1105 322 1371 371 adhibetur
1409 320 1474 368 ad
1512 337 1542 368 a
1557 338 1582 368 c
1596 320 1639 367 ti
1655 337 1703 368 o-

186 430 216 460 n
237 430 264 460 e
286 429 334 458 m
384 411 415 458 d
437 429 468 458 u
487 427 509 457 r
530 427 559 456 a
581 426 611 455 n
633 419 651 456 t
671 425 699 455 e
721 425 769 454 m
820 406 1210 469 exprimendam,
1266 403 1401 466 quod
1451 401 1704 465 imperfec-

186 504 289 541 tum
347 509 437 539 suo
496 489 694 537 nomine
752 488 833 535 im
855 506 887 550 p
909 504 978 534 er
1000 486 1021 532 f
1047 503 1074 533 e
1096 495 1210 533 ctu
1233 502 1280 531 m
1339 484 1370 530 d
1392 483 1703 530 urativum

187 573 566 622 nominabimus.
622 567 851 632 Exempli
902 567 1063 632 gratia
1103 566 1259 614 affero
1301 565 1370 611 III
1415 579 1495 626 52,
1541 580 1566 624 3
1607 561 1705 623 τοὺς

186 660 416 713 Πλαταιᾶς
436 651 640 722 ἔτρεφον
663 653 701 701 οἱ
721 638 1052 704 Πελοποννήσιοί
1075 647 1240 716 ἡμέρας
1259 643 1395 705 τινας.
1415 644 1511 692 Hic
1532 644 1705 706 imper-

191 735 303 784 fecti
335 752 451 782 usus
482 731 908 796 frequentissimus
941 740 1030 777 est.
1066 728 1145 776 Sic
1174 726 1327 775 multa
1347 727 1504 774 verba
1524 724 1706 772 inveni·

187 827 332 865 untur
363 832 571 879 quorum
603 814 708 877 ipsa
742 811 1103 875 significatione
1137 808 1365 856 durativa
1386 806 1455 864 fit,
1477 816 1531 854 ut
1552 805 1707 853 multo

189 897 389 960 saepius
445 894 736 959 imperfecta
787 910 960 940 eorum
1010 907 1161 954 quam
1212 889 1379 937 aoristi
1431 897 1705 946 occurrant,

188 977 325 1026 velut
363 977 500 1025 verbi
539 971 1102 1043 παρασκευάζεσθαι
1136 971 1268 1034 impf.
1309 971 1435 1033 721),
1466 969 1564 1017 ind.
1599 985 1703 1016 aor.

191 1068 385 1106 tantum
440 1074 465 1118 3
515 1055 737 1104 occurrit.
791 1054 870 1101 Sic
914 1070 1116 1116 quoque
1155 1069 1291 1099 mere
1330 1050 1557 1098 durativa
1597 1059 1709 1096 sunt

191 1139 478 1203 imperfecta
529 1154 659 1201 quae
710 1145 971 1184 occurrunt
1023 1134 1070 1181 in
1122 1134 1177 1180 iis
1227 1131 1490 1180 enuntiatis
1540 1146 1709 1178 secun-

193 1221 354 1280 dariis,
407 1236 618 1283 quorum
671 1217 1010 1281 praedicatum
1061 1214 1309 1262 actionem
1358 1213 1541 1260 indicat
1579 1227 1710 1274 quae

195 1318 344 1349 omne
390 1311 587 1363 tempus
635 1299 813 1346 durare
859 1298 1057 1362 fingitur
1097 1313 1184 1359 per
1223 1294 1358 1358 quod
1399 1293 1528 1341 actio
1562 1309 1710 1340 enun-

195 1382 299 1430 tiati
350 1381 565 1445 primarii
603 1379 804 1444 geritur,
845 1377 980 1426 velut
1020 1377 1066 1424 in
1107 1375 1371 1423 enuntiatis
1410 1372 1712 1422 secundariis

199 1479 330 1526 quae
380 1462 614 1526 incipiunt
665 1478 694 1508 a
745 1458 1172 1524 conjunctionibus
1218 1454 1574 1519 temporalibus
1614 1451 1712 1514 ἕως

196 1554 246 1592 et
281 1544 468 1612 μέχρι,
510 1560 620 1591 cum
660 1541 939 1606 significant
985 1537 1303 1603 ,‚quamdiu''.
1320 1538 1355 1600 2)

270 1625 396 1673 Cum
445 1625 538 1672 hac
589 1623 859 1687 imperfecti
906 1620 1268 1685 significatione
1308 1635 1444 1665 mere
1483 1616 1713 1664 durativa

197 1717 303 1755 arte
337 1706 572 1754 cohaeret
603 1704 895 1767 significatio
928 1702 1240 1750 iterativa.
1266 1700 1393 1747 Cum
1414 1698 1461 1746 in
1483 1714 1714 1746 sermone

199 1788 395 1835 Graeco
434 1786 682 1834 elementa
722 1783 1200 1848 morphologica
1237 1781 1286 1829 vi
1316 1780 1544 1829 iterativa
1576 1796 1713 1842 prae-

199 1870 299 1918 dita
319 1869 515 1931 saepius
535 1868 736 1931 quidem
757 1867 846 1914 sed
867 1882 965 1913 non
996 1881 1061 1912 co
1075 1881 1105 1911 n
1119 1874 1361 1911 stanter
1382 1861 1446 1909 ad
1467 1861 1714 1908 actionem

199 1951 427 1998 iteratam
484 1948 846 2012 designandam
904 1946 1270 2004 adhiberentur,
1287 1945 1320 2007 3)
1367 1941 1715 2006 syntactice

201 2032 447 2080 actionem
481 2040 705 2093 tempore
738 2028 1005 2092 praeterito
1025 2027 1255 2074 iteratam
1277 2023 1456 2073 Graeci
1478 2023 1716 2086 exprime-

199 2113 321 2160 bant
341 2111 654 2174 imperfecto3
678 2110 812 2173 quod
832 2107 974 2156 facile
996 2117 1198 2171 propter
1218 2106 1317 2153 vim
1340 2104 1618 2152 durativam
1633 2103 1716 2149 im-

202 2193 406 2256 perfecti
427 2192 530 2239 fieri
552 2191 736 2254 potuit:
760 2191 918 2238 omnis
940 2189 1069 2237 enim
1092 2188 1218 2235 actio
1235 2186 1463 2234 durativa
1477 2184 1716 2248 quodam-

203 2274 355 2322 modo
385 2283 580 2320 constat
613 2290 640 2320 e
673 2270 876 2335 singulis
910 2269 1174 2317 momentis
1207 2268 1406 2331 saepius
1428 2265 1663 2330 repetitis.
1681 2266 1716 2328 4)

206 2354 564 2419 Imperfecti
603 2352 885 2401 iterativi
924 2349 1206 2413 exemplum
1248 2359 1323 2397 est
1356 2348 1422 2395 IV
1461 2362 1540 2409 35,
1581 2363 1604 2393 2
1629 2345 1717 2397 ὅσοι

204 2435 282 2504 μὲν
345 2436 665 2504 ὑποχωροῦντες
722 2429 1310 2502 ἐγκατελαμβοῖνοντο,
1369 2428 1717 2500 ἀπέθνῃσκον

258 2638 292 2682 1)
316 2639 357 2670 In
381 2638 446 2669 hoc
471 2636 592 2668 libello
619 2634 757 2677 saepius,
783 2633 879 2676 quod
903 2633 960 2664 hie
986 2642 1127 2674 quoque
1153 2630 1230 2673 feci,
1254 2639 1414 2661 numeros
1438 2628 1603 2659 Arabicos
1625 2626 1720 2658 adhi—

203 2697 295 2728 bebo
321 2695 365 2726 ad
390 2693 605 2735 designanda
631 2692 796 2723 adverbia
822 2689 1099 2732 multiplicativa.

255 2753 291 2796 2)
318 2752 372 2784 Cf.
401 2753 542 2783 Warren
570 2750 631 2783 1.1.
660 2760 694 2791 p.
724 2756 767 2789 70
794 2759 845 2790 sq.

256 2810 292 2853 3)
318 2810 360 2841 de
386 2819 454 2851 qua
479 2819 514 2840 re
541 2807 610 2839 vid.
638 2806 828 2849 Herbiqus
853 2805 914 2837 1.1.
942 2816 975 2849 p.
1003 2809 1202 2849 215—217.

256 2867 293 2913 4)
319 2867 361 2899 cf.
386 2867 432 2900 ib.
459 2877 493 2912 p.
521 2874 599 2910 219.
