2119 3342
1033 226 1090 256 12

299 357 364 405 uti
400 357 558 403 debet.
594 355 649 401 Ei
679 354 814 419 igitur
846 353 927 416 qui
956 352 1159 416 loquitur
1191 350 1267 399 vel
1298 350 1339 398 ei
1371 349 1450 413 qui
1480 348 1639 396 scribit
1670 363 1819 410 saepe

299 437 405 485 licet
435 436 705 484 alterutrum
737 446 925 498 tempus
945 433 1133 498 eligere,
1155 443 1390 495 utcunque
1408 430 1534 478 libet.
1559 427 1818 490 Quomodo

301 530 460 567 autem
508 518 551 564 in
600 534 755 564 rerum
805 527 1047 581 gestarum
1097 514 1436 562 narrationibus
1478 512 1676 559 aoristus
1713 526 1818 557 con-

300 599 494 647 stativus
549 609 597 646 et
650 597 973 661 imperfectum
1024 596 1307 644 narrativum
1358 594 1586 650 differant,
1639 591 1820 654 optime

300 680 491 728 illustrat
526 680 655 728 locus
692 679 887 743 quidam
920 677 1160 725 Gellianus
1195 677 1271 740 (N.
1308 676 1369 723 A.
1406 676 1471 722 X.
1499 691 1543 735 3,
1574 690 1590 720 1
1610 690 1626 719 1
1654 673 1746 735 sq.)
1768 672 1819 734 1),

301 762 380 810 ubi
417 762 741 809 Romanorum
778 760 1038 824 perfectum
1076 770 1221 822 atque
1257 757 1580 821 imperfectum
1617 754 1733 801 inter
1769 769 1822 799 se

303 854 616 907 opponuntur.
673 842 864 901 Gellius,
909 841 1152 889 conferens
1184 841 1300 887 inter
1337 856 1389 886 se
1427 836 1607 885 dicendi
1643 850 1822 900 genera

303 925 500 972 duorum
539 934 777 971 oratorum
815 923 1055 987 agentium
1093 922 1153 968 de
1184 938 1244 968 eo
1277 920 1406 983 quod
1437 918 1547 965 civis
1579 918 1824 964 Romanus

302 1006 462 1070 injuria
491 1005 632 1069 virgis
663 1005 940 1052 verberatus
972 1014 1087 1061 erat,
1122 1003 1242 1050 haec
1277 1002 1409 1048 dicit:
1453 1029 1548 1061 „-
1578 996 1824 1046 Gracchus

303 1097 461 1134 autem
499 1104 592 1134 non
631 1086 865 1149 querentis
903 1101 1062 1147 neque
1098 1083 1399 1146 implorantis,
1441 1081 1527 1129 sed
1564 1078 1823 1127 nuntian-

303 1169 376 1216 tis
420 1169 626 1216 vicem:
668 1167 821 1231 palus,
860 1166 1019 1229 inquit,
1058 1165 1102 1212 in
1139 1165 1240 1212 foro
1278 1164 1525 1211 destitutus
1563 1172 1650 1220 est,
1689 1159 1824 1208 vesti-

304 1261 464 1298 menta
502 1250 713 1297 detracta
750 1260 870 1307 sunt,
911 1247 1048 1312 virgis
1085 1263 1293 1294 caesus
1331 1255 1436 1292 est.
1472 1244 1569 1291 Sed
1601 1243 1723 1290 enim
1753 1241 1822 1289 M.

307 1330 473 1378 Cicero
523 1330 781 1394 praeclare,
833 1347 955 1377 cum
994 1328 1218 1375 diutina
1255 1324 1823 1390 repraesentatione,

305 1429 398 1460 non
456 1429 648 1473 „caesus
691 1410 795 1459 est''
834 1411 945 1458 sed:
987 1409 1368 1466 caedebatur,
1407 1407 1566 1470 inquit,
1605 1405 1745 1470 virgis
1782 1404 1827 1450 in

306 1494 407 1541 foro
433 1494 686 1541 Messanae
706 1493 814 1540 civis
834 1493 1094 1549 Romanus,
1117 1508 1223 1538 cum
1243 1490 1419 1536 interea
1438 1486 1584 1535 nullus
1604 1486 1825 1551 gemitus,

307 1574 428 1622 nulla
466 1593 560 1622 vox
589 1574 701 1622 illius
734 1574 886 1621 miseri
918 1574 1033 1620 inter
1065 1571 1277 1619 dolorem
1306 1570 1632 1633 crepitumque
1662 1566 1826 1631 plaga-

306 1674 409 1704 rum
441 1657 717 1704 audiebatur
748 1654 871 1704 ete.''
910 1655 1054 1716 Quod
1082 1654 1153 1701 hic
1175 1651 1350 1700 Gellius
1371 1652 1475 1699 dicit
1494 1651 1554 1698 de
1574 1650 1618 1697 vi
1637 1648 1830 1713 perfecti

309 1738 508 1785 historici
545 1738 711 1796 Latini,
752 1737 929 1800 optime
966 1736 1009 1782 in
1042 1735 1263 1782 aoristum
1297 1732 1606 1781 constativum
1635 1746 1829 1794 quoque

310 1819 538 1882 quadrat:
574 1835 670 1866 aor.
709 1818 997 1865 constativus
1033 1816 1280 1863 nuntiat
1310 1831 1410 1862 rem
1432 1813 1676 1876 factam)
1721 1812 1828 1859 Hoc

312 1901 470 1948 aoristi
488 1917 639 1965 genus
660 1917 719 1947 ex
739 1899 954 1947 omnibus
974 1898 1252 1946 aoristorum
1272 1895 1524 1960 generibus
1538 1893 1680 1958 longe
1693 1893 1829 1940 usita-

314 1983 538 2030 tissimum
577 1992 648 2029 est
667 1983 715 2045 3).
756 1979 974 2043 Exempli
1010 1979 1163 2044 gratia
1200 1977 1346 2025 affero
1384 1977 1401 2023 I
1438 1991 1517 2037 54,
1566 1992 1583 2022 1
1633 1993 1640 2022 :
1676 1977 1714 2025 οἱ
1751 1973 1829 2042 μὲν

364 2151 398 2194 1)
424 2152 555 2183 Locum
582 2151 712 2192 primus
738 2149 903 2181 indicavit
929 2147 1150 2179 Thierschius
1176 2147 1236 2178 1.l.

362 2207 399 2253 2)
425 2209 466 2240 In
500 2208 566 2240 hoc
599 2208 720 2239 libello
756 2207 871 2238 Gellio
905 2211 1042 2237 auctore
1076 2215 1180 2246 saepe
1216 2215 1300 2236 voce
1327 2202 1573 2235 nuntiandi
1598 2206 1673 2234 utar
1700 2212 1764 2243 pro
1791 2211 1832 2233 eo

314 2267 410 2309 quod
436 2266 640 2298 Germanice
667 2265 791 2296 dicitur
818 2262 1206 2306 „Konstatieren'’.

363 2324 398 2368 3)
426 2324 493 2364 Qui
519 2324 645 2355 factum
671 2323 715 2354 sit
736 2327 772 2354 ut
794 2323 831 2353 in
853 2322 970 2353 Attica
991 2321 1150 2360 dialecto,
1173 2320 1357 2362 praecipue
1379 2318 1475 2360 apud
1496 2317 1692 2359 historicos,
1715 2316 1834 2348 aoristi

313 2393 393 2414 usus
427 2381 638 2413 constativus
674 2370 867 2422 praevaleat,
901 2390 977 2410 cum
1012 2384 1128 2410 contra
1163 2377 1256 2419 apud
1292 2377 1480 2407 Homerum
1515 2386 1595 2406 usus
1623 2374 1834 2416 perfectivus

316 2440 432 2471 aoristi
457 2439 617 2481 (ingress.
645 2437 772 2480 effect.)
798 2437 845 2468 ita
871 2436 1021 2468 abundet
1046 2441 1084 2467 ut
1110 2446 1179 2466 aor.
1204 2434 1416 2466 constativus
1443 2434 1511 2464 nisi
1537 2432 1720 2475 perpaucis
1748 2431 1834 2463 locis

314 2507 384 2528 non
412 2497 618 2538 inveniatur,
645 2496 734 2527 bene
760 2495 948 2536 explicavit
976 2494 1179 2524 Mutzbauer
1203 2492 1262 2523 l.l.
1295 2503 1329 2533 p.
1356 2501 1400 2523 20
1428 2502 1481 2532 sq.
1511 2491 1597 2522 Cum
1624 2491 1661 2521 in
1687 2489 1835 2521 comitiis

318 2554 442 2596 populi
470 2553 694 2585 Atheniensis
722 2552 862 2593 negotia
889 2551 1027 2592 publica
1052 2551 1275 2592 agitarentur,
1300 2549 1411 2590 magis
1439 2548 1607 2579 attinebat
1636 2547 1738 2588 „kurz
1763 2545 1836 2578 und

317 2612 404 2654 klar,
438 2611 554 2642 scharf
584 2611 620 2641 in
654 2611 714 2641 das
750 2609 823 2640 Ohr
848 2608 980 2640 fallend
1014 2608 1069 2639 die
1106 2607 1324 2648 wichtigsten
1360 2606 1493 2637 Punkte
1520 2606 1587 2637 den
1614 2604 1837 2645 Mitgliedern

321 2670 381 2700 der
406 2667 774 2708 Volksversammlung
800 2672 973 2707 entgegen
996 2676 1035 2696 zu
1059 2664 1208 2696 werfen”
1234 2675 1338 2706 qnam
1360 2674 1501 2705 operam
1524 2664 1604 2694 dare
1630 2661 1838 2704 „epische(r)

322 2726 435 2758 Breite
469 2725 541 2756 und
576 2723 825 2766 malerische(r)
861 2722 1084 2764 Darstellung
1119 2722 1179 2753 der
1209 2722 1329 2764 Sache,
1356 2722 1421 2752 wie
1446 2721 1495 2752 sie
1522 2721 1578 2752 ein
1605 2720 1723 2751 naives
1748 2719 1836 2750 Zeit-

324 2783 409 2815 alter
440 2783 477 2813 in
503 2783 616 2814 seiner
644 2781 777 2813 Freude
803 2792 846 2812 an
871 2780 965 2811 allen
992 2779 1230 2811 Einzelheiten
1258 2779 1317 2810 der
1343 2779 1540 2819 Erzahlung
1564 2776 1685 2809 liebt.'’
1712 2777 1741 2808 E
1768 2776 1837 2807 dic-

322 2841 419 2873 tione
446 2840 612 2871 comitiali
639 2840 698 2871 ille
724 2839 841 2870 aoristi
868 2838 1051 2869 constativi
1079 2848 1158 2868 usus
1186 2837 1350 2878 frequens
1375 2836 1469 2878 apud
1493 2835 1675 2867 historicos
1697 2844 1836 2876 quoque

324 2898 433 2940 magis
457 2898 636 2939 magisque
665 2896 872 2939 percrebuit.
900 2896 952 2928 Cf.
980 2896 1083 2927 etiam
1109 2895 1149 2926 E.
1176 2895 1299 2926 Purdie
1325 2894 1384 2925 l.l.
1412 2905 1446 2936 p.
1473 2892 1527 2926 82.
