2134 3378
1144 216 1177 247 X

491 346 510 386 §
552 349 615 379 12.
651 337 721 377 De
755 336 922 377 aoristo
957 332 1226 374 constativo.

492 425 511 465 §
551 429 614 471 13.
651 417 720 457 De
755 415 921 456 aoristo
954 412 1254 466 complexivo.

491 504 510 544 5
550 508 613 548 14.
648 496 717 537 De
759 494 926 536 aoristo
969 506 1058 546 quo
1091 491 1346 533 indicantur
1379 504 1448 532 res
1482 491 1618 532 modo
1654 490 1799 531 factae
1833 489 1960 543 („das

551 590 601 617 so
633 576 750 617 eben
784 571 1166 628 Eingetretene”).

493 664 512 704 5
553 666 616 710 15.
650 657 720 697 De
752 655 919 696 aoristo
953 657 1286 694 momentaneo.

492 743 511 783 5
553 736 615 777 16.
650 736 720 776 De
753 735 920 775 aoristo
954 746 1043 786 quo
1076 745 1146 773 res
1178 731 1434 772 indicantur
1464 743 1579 784 quae
1608 735 1814 783 tempore
1838 742 1962 782 prae-

553 817 669 857 senti
702 816 795 857 sive
828 815 976 856 futuro
1011 813 1147 854 modo
1182 825 1277 853 esse
1311 811 1456 852 factae
1489 810 1727 864 fingendae
1759 815 1863 851 sunt
1891 809 1962 864 (de

557 897 723 938 aoristo
756 895 999 949 gnomico).

498 984 517 1023 §
558 987 633 1031 173
656 977 726 1017 De
759 975 926 1016 aoristo
960 973 1190 1028 empirico.

503 1270 522 1310 5
563 1262 626 1303 18.
662 1261 732 1302 De
772 1258 939 1300 aoristo
980 1261 1023 1297 et
1055 1254 1321 1309 imperfecto
1354 1252 1783 1308 plusquamperfecti
1817 1253 1968 1293 Latini

589 1342 689 1382 loco
722 1338 949 1381 adhibitis.

502 1430 521 1470 5
564 1435 626 1476 19.
662 1421 731 1461 De
760 1418 1029 1473 quibusdam
1058 1416 1167 1457 locis
1194 1414 1356 1468 quibus
1385 1413 1700 1467 imperfectum
1717 1418 1762 1453 et
1778 1413 1969 1454 aoristus

564 1503 684 1542 vices
717 1499 956 1540 alternant.

446 1784 494 1826 C.
533 1784 600 1824 De
631 1780 891 1836 quibusdam
923 1777 1068 1820 verbis
1099 1784 1140 1818 et
1170 1775 1404 1817 verborum
1433 1774 1669 1839 geyerzbus
1700 1788 1820 1828 quae,
1861 1773 1978 1827 quod

535 1863 692 1906 attinet
731 1861 795 1903 ad
814 1858 1197 1915 praeserztz'carum
1229 1856 1319 1897 sive
1351 1855 1666 1896 aoristz'carum
1697 1868 1847 1896 eorum
1867 1855 1973 1909 for-

535 1956 713 1985 marum
746 1954 884 1988 usum,
920 1938 1116 1992 longiore
1146 1936 1445 1989 disquisitione
1475 1935 1613 1989 dzgna
1644 1935 1864 1977 videntur.

506 2031 525 2071 5
561 2034 628 2064 20.
663 2022 732 2062 De
777 2019 924 2061 verbis
968 2015 1185 2065 ποιεῖσθκι,
1230 2013 1358 2066 ἔχειν,
1401 2012 1522 2064 ἄγειν
1559 2028 1661 2055 cum
1697 2015 1880 2055 nomine
1913 2015 1976 2055 ita

567 2100 819 2155 conjunctis
861 2104 909 2139 ut
952 2097 1078 2138 verbi
1120 2095 1336 2150 simplicis
1382 2094 1653 2148 significatio
1697 2108 1754 2135 ex
1787 2107 1840 2136 ea
1871 2107 1975 2135 con-

565 2181 799 2236 junctione
833 2178 1010 2219 evadat.

510 2270 529 2310 5
565 2273 633 2302 21.
668 2261 737 2301 De
771 2259 911 2300 verbo
943 2255 1085 2306 λέγειν
1113 2261 1158 2296 et
1187 2255 1283 2296 aliis
1312 2254 1461 2296 verbis
1488 2253 1620 2294 simili
1648 2252 1976 2307 significatione

569 2339 798 2395 praeditis.

511 2430 530 2469 5
566 2432 634 2462 22.
669 2420 738 2460 De
774 2418 921 2460 verbis
953 2415 1173 2461 τελευτᾶν,
1209 2412 1369 2466 ἄρχειν,
1405 2410 1626 2464 ἄρχεσθαι.

513 2510 531 2550 5
568 2512 635 2554 23.
671 2500 740 2540 De
772 2498 921 2539 verbis
954 2497 1083 2547 νικᾶν,
1117 2498 1296 2546 κρατεῖν,
1332 2490 1565 2542 ἡσσᾶσθαι,
1598 2490 1768 2533 ἀδικεῖν.

513 2589 531 2629 5
568 2591 635 2632 24.
669 2579 739 2619 De
783 2578 931 2618 verbis
980 2589 1094 2630 quae
1140 2580 1312 2615 motum
1357 2573 1581 2614 indicant:
1624 2570 1740 2621 ἱέναι,
1782 2568 1978 2622 πέμπειν,

572 2657 765 2711 φεύγειν,
798 2671 836 2698 e.
855 2671 893 2697 a.
