2119 3342
1071 185 1134 230 92

351 339 448 387 que
479 321 528 368 vi
561 317 793 367 conativa
814 313 1093 379 praeditum
1121 310 1347 374 „insuper
1367 307 1622 372 acquirere
1641 304 1862 370 conari’‘)

350 403 549 467 legitur:
605 400 623 446 I
685 414 795 459 144,
856 412 872 443 Ι
925 395 979 449 ἢν
1018 393 1184 451 ἐθέλητε
1223 390 1367 460 οἷρχὴν
1405 389 1468 457 μὴ
1509 390 1863 447 ἐπικτᾶσθαι,

355 486 400 533 II
443 488 524 545 65,
570 495 595 544 7
637 478 781 549 α’ρχὴν
820 477 882 546 μὴ
924 473 1357 542 ἐπικτωμένους;
1405 470 1474 517 IV
1517 473 1597 528 61,
1646 485 1663 516 1
1708 465 1762 519 τοὶ
1798 467 1862 535 μὴ

354 566 627 635 προσήκοντα
665 558 1080 625 ἐπικτωμένους.

427 646 591 693 Etiam
644 640 974 705 compositum
1025 637 1413 688 κατακτᾶσθαι
1465 649 1565 696 quo
1611 630 1719 679 solo
1757 629 1868 677 loco

359 726 569 776 occurrit
599 723 690 788 (IV
728 725 808 782 86,
846 722 893 784 5)
924 716 1299 783 quodammodo
1330 714 1558 762 eonative
1579 722 1868 775 usurpatum

360 819 459 869 est3
501 804 620 858 αὐτοὶ
660 803 713 856 ἂν
756 804 1009 871 φαινοίμεθα
1041 801 1218 868 ἐχθίονα
1251 799 1335 858 (se.
1371 795 1652 862 ἐγκλήματα)
1685 793 1712 847 ἢ
1747 798 1769 842 ὁ
1806 791 1868 859 μὴ

358 891 588 950 ὑποδείξας
611 885 762 954 α’ρετὴν
796 881 1054 934 κατακτώ
1064 901 1219 948 μενοι
1251 879 1338 925 i.e.
1370 877 1488 939 „ipsi
1508 875 1656 923 etiam
1678 874 1872 938 gravio-

359 989 438 1020 res
484 968 825 1018 accusationes
866 963 1007 1012 nobis
1047 961 1397 1009 contrahentes
1436 953 1871 1020 comperiremur'‘.

433 1049 733 1115 (Compositi
770 1047 1149 1115 προσκτᾶσθαι
1189 1051 1313 1105 part.
1350 1056 1509 1103 praes.
1540 1038 1676 1102 quod
1696 1036 1876 1101 legitur

363 1135 434 1182 VI
492 1135 568 1193 18,
625 1147 649 1178 2
705 1129 858 1177 habet
901 1127 1001 1175 vim
1041 1124 1344 1173 iterativam:
1393 1120 1624 1185 „singulis
1662 1118 1876 1167 occasio-

365 1216 507 1264 nibus
545 1209 918 1276 acquirentes'';
959 1207 1048 1255 sed
1087 1206 1155 1253 IV
1198 1219 1279 1266 95,
1319 1221 1342 1251 2
1383 1204 1732 1272 προσκτᾶσθε
1771 1217 1875 1247 rem

363 1298 578 1346 futuram
628 1304 884 1355 tamquam
930 1290 1036 1353 jam
1088 1295 1403 1351 praesentem
1451 1294 1501 1332 et
1545 1292 1739 1330 tantum
1778 1297 1877 1329 non

365 1387 618 1444 peractam
670 1372 972 1422 audientium
1024 1368 1178 1418 oculis
1217 1366 1451 1431 proponit
1489 1374 1678 1413 orator:
1726 1363 1878 1425 „insu-

366 1478 455 1524 per
492 1455 828 1521 acquiretis”.)

437 1540 592 1589 Verbi
643 1534 874 1589 κωλύειν
913 1532 1334 1598 praesenticarum
1373 1529 1643 1577 formarum
1681 1525 1881 1590 propria

370 1621 662 1688 significatio
684 1629 759 1667 est
779 1616 1031 1666 conativa:
1064 1613 1329 1677 „impedire
1344 1608 1561 1659 conari''.
1576 1609 1722 1670 Quae
1736 1607 1882 1671 signi-

370 1705 535 1754 ficatio
565 1702 695 1751 clare
725 1699 884 1749 elucet
917 1699 962 1745 in
996 1706 1256 1760 pactorum
1280 1691 1499 1742 formulis
1520 1709 1549 1739 a
1571 1700 1739 1738 nostro
1761 1688 1883 1738 rela-

371 1788 453 1835 tis:
477 1786 581 1832 VIII
609 1787 684 1841 18,
709 1800 725 1830 1
754 1779 1053 1833 κωλυόντων
1081 1787 1203 1847 κοινῇ
1223 1773 1426 1845 βασιλεὺς
1447 1775 1525 1824 καί
1541 1771 1883 1839 Λακεδαιμόνιοι

371 1870 399 1917 i.
417 1886 460 1917 e.
500 1867 549 1915 id
588 1875 745 1930 agant
781 1874 834 1911 ut
873 1861 1194 1925 prohibeant3
1234 1855 1452 1905 similiter
1489 1868 1568 1917 37,
1612 1869 1636 1916 5
1678 1851 1885 1923 βασιλεὺς

373 1948 625 2002 κωλυέτω
655 1958 704 1994 et
736 1945 918 1993 ibidem
951 1942 1084 1990 infin.
1116 1957 1277 2005 praes
1308 1937 1407 1999 τοὺς
1437 1934 1599 1996 ἄλλους
1628 1931 1884 1995 κωλύεινς

373 2032 523 2080 etiam
567 2032 647 2091 58,
689 2045 721 2088 4
760 2026 959 2077 κωλυέτω
997 2034 1047 2072 et
1086 2019 1264 2074 κωλύειν
1304 2021 1372 2068 ita
1409 2027 1720 2081 usurpantur.

445 2114 557 2176 Ipse
607 2119 776 2157 noster
825 2105 1116 2170 imperfecto
1168 2103 1398 2151 eonative
1435 2099 1585 2148 utitur
1620 2098 1690 2145 VI
1733 2100 1814 2158 98,
1859 2113 1884 2158 3

375 2187 486 2246 οὗτοι
537 2191 583 2244 δὲ
633 2189 911 2258 ὑπομένοντες
961 2186 1201 2237 ἐκώλυον
1241 2183 1524 2248 (prohibere
1562 2179 1888 2241 conabantur)

373 2273 471 2335 τοὺς
508 2271 760 2331 Ἀθηναίους
797 2273 1029 2336 λιθοῳορεῖν
1063 2266 1188 2330 („sie
1220 2263 1517 2313 versuchten
1548 2261 1628 2309 die
1662 2259 1889 2307 Athener

377 2375 433 2405 zu
486 2351 725 2402 hindern'‘
776 2351 889 2413 St.):
942 2366 970 2397 e
1021 2345 1341 2412 paragrapho
1398 2342 1625 2406 sequenti
1682 2350 1892 2405 apparet

378 2453 492 2486 eum
545 2443 778 2482 conatum
824 2431 1009 2478 irritum
1049 2429 1212 2476 fuisse.
1254 2424 1486 2474 Similiter
1523 2423 1619 2470 VII
1663 2438 1742 2482 24,
1786 2437 1812 2482 3
1853 2423 1891 2472 οἱ

377 2515 466 2586 ’γὰρ
517 2514 767 2584 Συρακόσιοι
817 2512 970 2563 ναυσὶν
1022 2507 1167 2561 αὐτόθι
1205 2510 1479 2576 ἐφορμοῦντες
1517 2503 1756 2555 ἐκώλυον
1794 2506 1889 2553 κτλ.

382 2597 724 2662 imperfectum
754 2603 959 2641 conatus
992 2591 1190 2650 indIcat,
1225 2589 1401 2653 quibus
1431 2597 1601 2634 tamen
1634 2583 1893 2632 conatibus

381 2687 689 2728 commeatus
738 2691 937 2739 prorsus
987 2670 1243 2720 intercludi
1302 2686 1400 2717 non
1454 2676 1700 2731 poterant,
1757 2663 1894 2727 quod

383 2770 593 2825 apparet
632 2776 693 2806 ex
738 2757 793 2804 iis
845 2772 975 2819 quae
1023 2762 1319 2815 sequuntur:
1372 2754 1446 2801 καὶ
1497 2745 1571 2799 διὰ
1613 2745 1768 2814 μα’χης
1805 2744 1892 2803 ἤδη

383 2845 596 2910 ἐγίγνοντο
635 2843 680 2890 αἱ
718 2839 948 2906 ἐσκομιὸαί
985 2838 1092 2899 (per
1132 2851 1184 2881 se
1223 2831 1506 2895 intelligitur
1538 2828 1671 2891 impf.
1703 2825 1892 2876 ἐκώλυον
