2119 3342
888 187 952 236 47

163 333 271 363 sam
311 315 659 379 oligarchieam
699 316 1075 364 sustentandam
1115 316 1298 364 fecerat
1330 316 1513 364 aoristo
1547 334 1677 365 com-

161 397 547 460 prehenduntur,
587 397 710 445 sieut
748 398 898 445 etiam
938 397 1123 445 aoristo
1161 398 1477 466 παρέσχεν).
1519 398 1677 445 Infini-

162 479 287 526 tivus
320 496 520 542 quoque
547 479 713 527 aoristi
735 479 835 526 vim
857 479 1135 527 effectivam
1158 480 1310 527 habet
1330 479 1462 527 hisce
1484 479 1678 527 duobus

161 558 308 607 locis:
348 561 388 607 II
430 564 510 620 62,
556 576 581 621 3
621 569 703 610 τῶν
740 582 782 610 τε
813 559 1007 628 πατέρων
1040 560 1102 628 μὴ
1134 565 1301 628 χείρους
1334 557 1430 610 κατ’
1457 560 1678 629 οἷμφότερα

161 650 429 707 φανῆναι,
466 641 536 688 IV
568 658 649 703 40,
688 656 711 702 5
748 651 802 712 τῇ
833 663 873 692 τε
900 639 1010 708 αυτ-ᾗ
1034 646 1171 710 ζημία
1193 640 1403 702 α’ξιῶσατε
1426 639 1678 710 α’μῦνασθαι

162 724 237 773 καὶ
268 722 330 790 μὴ
370 722 702 792 α’ναλγητότεροι
734 733 816 774 τῶν
849 721 1239 792 ἐπιβουλευσάντων
1268 732 1507 791 φανῆναι
1529 725 1677 787 (utro-

161 821 259 866 que
297 802 407 852 loeo
453 804 621 866 „factis
659 804 758 852 suis
797 822 850 852 se
890 804 1217 868 praestare'').

233 885 547 949 Partieipium
587 886 754 934 aoristi
792 885 972 950 legitur
1009 886 1358 934 tantummodo
1396 887 1514 933 VIII
1563 903 1674 945 102,

161 983 179 1014 I
213 971 269 1028 ὡς
289 997 357 1003 ——
377 966 614 1035 ᾗσθοένοντο
646 965 700 1019 τοὶ
731 965 844 1036 πυρα
878 970 1144 1036 ἐξαίφνης
1179 966 1319 1020 πολλὰ
1352 970 1393 1019 ἐν
1424 979 1475 1037 τῇ
1495 973 1677 1038 πολεμίᾳ

160 1050 426 1117 φανένταε
463 1067 566 1098 aor.
606 1050 731 1114 ingr.
775 1050 965 1112 „subito
997 1051 1043 1097 in
1077 1061 1398 1115 conspectum
1432 1050 1675 1112 cadere'’3

160 1130 218 1179 cf.
272 1131 340 1178 IV
395 1135 474 1193 36,
531 1149 554 1179 2
606 1133 667 1183 ἐπὶ
705 1138 779 1182 τοῦ
816 1131 1023 1201 μετεώρου
1065 1134 1332 1200 ἐξαίφνης
1371 1133 1676 1201 α’ναφανείς

164 1214 514 1277 (compositum
549 1212 951 1282 α’ναφαίνεσθαι
990 1213 1104 1262 alibi
1144 1215 1278 1278 apud
1317 1225 1538 1262 nostrum
1578 1232 1676 1263 non

161 1295 386 1359 occurrit)
445 1305 493 1343 et
545 1295 615 1342 IV
669 1300 751 1356 96,
807 1311 831 1357 5
887 1297 986 1359 (τῶν
1039 1296 1212 1360 ἱππέων)
1264 1297 1676 1366 ὑπερφανέντων

161 1379 466 1444 αἰφνιδίως.

233 1458 303 1505 Ut
334 1459 440 1522 jam
481 1476 508 1506 e
547 1459 742 1506 duobus
780 1457 899 1506 loeis
939 1459 1163 1522 proxime
1202 1458 1414 1507 laudatis
1446 1470 1671 1524 apparet,

160 1540 436 1602 composita
493 1557 693 1603 quoque
748 1541 886 1588 verbi
924 1545 1144 1608 φαίνεσθαι
1194 1542 1438 1605 praebent
1487 1543 1674 1590 formas

157 1621 410 1668 aoristicas
460 1622 509 1669 vi
553 1622 828 1686 ingressive.
878 1623 1145 1686 praeditaS,
1202 1641 1301 1687 quo
1340 1624 1587 1687 pertinent
1626 1625 1674 1671 hi

158 1719 358 1766 quoque
410 1702 531 1751 loci:
580 1704 648 1750 IV
690 1720 771 1765 93,
816 1720 841 1765 3
884 1709 958 1755 καὶ
997 1705 1137 1761 ἐπειδὴ
1179 1710 1325 1766 καλῶς
1362 1704 1506 1766 αὐτοῖς
1544 1705 1671 1774 εἶχεν,

156 1783 573 1854 ὑπερεφοίνησαν
611 1792 685 1836 τοῦ
722 1786 851 1854 λόφου
901 1787 975 1847 „in
1015 1804 1210 1834 summo
1241 1786 1366 1835 colle
1394 1798 1672 1836 monstrare

157 1882 210 1914 se
261 1867 595 1931 coeperunt''3
644 1868 688 1914 II
733 1870 793 1914 28
834 1873 858 1917 ὁ
894 1867 1015 1928 ἥλιος
1054 1869 1512 1937 ἐξέλιπε-ἀστέρων
1549 1880 1673 1921 τινῶν

155 1949 496 2016 ἐκφανέντων
537 1948 717 2007 „stellis
750 1949 1047 2012 quibusdam
1081 1948 1419 1999 elucentibus'’
1455 1952 1674 2015 (compo—

155 2029 301 2077 situm
352 2032 712 2098 ἐκφαίνεσθαι
759 2031 835 2078 hie
880 2041 1074 2079 tantum
1112 2030 1334 2097 legitur);
1377 2033 1494 2080 VIII
1534 2050 1617 2094 42,
1645 2050 1670 2095 3

155 2115 230 2162 καὶ
270 2113 312 2162 ἐν
349 2119 411 2178 τῷ
448 2110 556 2181 ἔργῳ
596 2110 866 2181 ἐπεκροῖτουν,
895 2110 1024 2182 μέχρι
1056 2105 1104 2163 οὖ
1137 2113 1488 2182 ἐπεφάνησαν
1522 2113 1669 2176 αὐτοῖς

155 2188 272 2261 παρὰ
310 2192 447 2254 δόξαν
486 2196 532 2244 αἱ
569 2198 733 2254 πλειόυς
766 2204 848 2245 τῶν
887 2205 1016 2245 νεῶν;
1059 2194 1134 2253 „in
1169 2207 1492 2260 conspectum
1526 2214 1674 2245 vene-

156 2272 330 2335 runt’'3
382 2273 600 2322 similiter
651 2276 769 2323 VIII
820 2293 903 2337 44,
960 2293 985 2338 3
1033 2280 1070 2327 οἱ
1108 2277 1155 2328 δὲ
1196 2275 1408 2336 Ἀθηναῖοι
1449 2275 1564 2329 κατὰ
1601 2279 1673 2329 τὸν

154 2356 301 2424 καιρὸν
322 2361 467 2407 τοῦτον
486 2363 581 2417 ταῖς
602 2358 648 2408 ἐκ
666 2367 743 2418 τῆς
762 2356 910 2426 Σοίμου
932 2363 1082 2410 ναυσὶν
1104 2359 1347 2427 αἰσθόμενοι
1370 2360 1626 2412 ἐπέπλευσαν
1637 2360 1673 2424 1)

153 2436 232 2504 μὲν
286 2438 540 2506 βουλόμενοι
591 2441 749 2506 φθοὶσαι
805 2445 878 2490 καὶ
919 2439 1263 2508 ἐπεφοῖνησαν
1302 2440 1495 2510 πελοῖγιοι
1543 2441 1672 2503 „und

154 2536 352 2566 waren
386 2520 566 2568 bereits
599 2520 689 2568 auf
715 2521 871 2569 hoher
892 2521 989 2570 See
1011 2523 1126 2586 (den
1149 2521 1568 2586 Peloponnesiern
1590 2523 1680 2571 auf

155 2599 383 2664 Rhodus)
435 2618 501 2648 zu
554 2601 819 2650 Gesieht
868 2603 1268 2667 gekommen’'
1324 2603 1456 2668 (CL).
1499 2604 1672 2667 (Facio

154 2699 265 2729 cum
317 2681 557 2731 Classeno
607 2693 657 2732 et
697 2684 1037 2733 Herwerdeno
1076 2684 1357 2750 legentibus
1395 2683 1672 2753 ἐπεφάνησαν

182 2878 216 2922 1)
240 2877 295 2911 Sic
321 2877 415 2911 enim
441 2875 658 2910 ἐπέπλευσαν
683 2877 760 2920 lego
786 2888 862 2911 cum
888 2879 966 2913 cod.
992 2880 1031 2923 Β,
1057 2880 1100 2913 de
1127 2889 1196 2923 qua
1212 2891 1248 2913 re
1274 2879 1363 2913 infra
1388 2878 1422 2923 (ἓ
1449 2879 1485 2923 7)
1512 2879 1685 2922 pluribus.
