2119 3342
886 215 944 262 55

157 357 184 403 3
234 342 386 405 impfi,
427 352 686 390 occurrunt
724 359 834 389 cum
873 341 1232 405 significatione
1265 342 1520 403 durativa3
1561 358 1664 389 aor.

153 420 332 486 legitur
377 423 724 470 tantummodo
779 424 798 470 Ι
856 435 966 484 137,
1023 439 1048 484 3
1098 428 1121 473 ὁ
1173 428 1472 491 Θεμιστοκλῆς
1510 422 1667 473 ἐκεῖνόν

153 524 194 552 τε
231 503 549 571 ἐθεράπευσε
586 502 832 572 χρημάτων
871 504 984 554 δόσει
1024 509 1136 562 κτλ.,
1168 504 1251 551 ubi
1280 522 1383 552 aor.
1421 504 1669 552 adhibitus

133 595 229 631 'est
277 585 390 647 quia
437 585 499 632 de
552 585 746 632 actione
798 595 1149 633 momentanea
1198 586 1386 649 agitur:
1427 584 1668 655 ἐθεράπευσε

155 666 230 713 hic
299 667 399 714 fere
467 666 712 729 significat
777 677 1146 727 „remuneratus
1204 666 1329 714 est”.

227 746 502 810 Compositi
536 745 942 815 ἐπιθεραπεύειν
973 747 1037 795 nil
1071 748 1157 795 nisi
1190 765 1425 811 praesens
1446 748 1665 796 occurrit.

226 828 376 876 Verbi
425 827 708 898 μάχεσθαι
758 829 944 878 multae
994 831 1184 878 formae
1224 832 1580 895 praesenticae,
1621 833 1667 879 in

156 910 331 974 quibus
382 928 534 974 saepe
582 911 940 974 imperfectum,
980 923 1255 961 occurrunt.
1298 913 1528 961 Aoristus
1565 924 1670 962 tan-

154 992 411 1040 tummodo
463 992 641 1056 legitur
678 994 724 1040 V
767 1010 846 1055 34,
895 1011 911 1041 1
958 997 996 1044 οἱ
1032 997 1375 1062 Λακεδαιμόνιοι
1413 997 1669 1063 ἐψηφίσαντο

153 1071 250 1132 τοὺς
287 1073 365 1140 μὲν
414 1071 523 1141 μετὰ
575 1077 784 1142 Βρασίδου
834 1080 1035 1136 Εἵλωτας
1080 1077 1517 1144 μαχεσαμένους
1556 1079 1671 1128 ἐλευ-

154 1154 296 1223 θέρους
333 1154 439 1207 εἶναι
484 1156 597 1219 „qui
635 1157 1043 1221 pugnavissent'’.
1086 1159 1287 1206 Praeter
1324 1159 1453 1206 hunc
1489 1158 1667 1220 locum,

153 1235 236 1283 ubi
295 1235 440 1284 solito
497 1255 635 1285 more
691 1249 816 1301 part.
878 1256 980 1287 aor.
1039 1257 1150 1286 cum
1207 1238 1442 1304 plqpfecti
1505 1241 1668 1289 Latini

154 1318 513 1381 significatione
563 1331 850 1382 usurpatum
902 1331 991 1381 est,
1050 1320 1295 1369 nonnullis
1352 1320 1470 1369 locis
1522 1323 1670 1370 etiam

155 1410 327 1447 contra
395 1419 536 1448 usum
601 1400 860 1465 vulgatum
932 1419 1021 1466 pro
1085 1402 1277 1451 aoristis
1334 1405 1670 1466 praesenticas

154 1481 339 1529 formas
388 1480 613 1546 legimus,
665 1482 846 1531 scilicet
885 1484 951 1531 ΙΙΙ
1000 1500 1109 1545 113,
1152 1501 1182 1545 4
1221 1482 1300 1535 οὐκ
1339 1482 1427 1554 ἄρα
1463 1496 1545 1537 τῶν
1577 1484 1671 1554 μεθ’

155 1566 280 1630 ἡμῶν
335 1564 672 1632 μαχομένων
721 1566 827 1616 ἐστίν
880 1566 1246 1628 (exspectamus
1293 1568 1667 1635 μαχεσαμένων);

154 1644 268 1692 ibid.
310 1650 418 1713 εἴπερ
454 1667 501 1713 γε
542 1646 661 1713 ὑμεῖς
700 1648 741 1696 ἐν
776 1643 1106 1715 Ἰδομενῇἶχθὲς
1136 1649 1196 1715 ἐμ
1210 1646 1440 1716 οέχεσθες
1472 1649 1533 1697 ib.
1570 1646 1670 1700 αλλ’

154 1729 277 1793 ἡμεῖς
326 1748 373 1794 γε
419 1724 557 1778 οὐδενὶ
597 1727 931 1796 ἐμαχόμεθα
970 1728 1072 1797 χθὲς
1111 1733 1236 1791 κτλ.;
1276 1729 1338 1777 ib.
1380 1734 1456 1781 καὶ
1493 1730 1572 1798 μὲν
1611 1730 1667 1787 δὴ

154 1805 314 1868 τούτοις
382 1830 429 1876 ’γε
492 1812 615 1876 ἡμεῖς
673 1809 775 1877 χθὲς
822 1840 890 1844 -
941 1810 1295 1879 έμαχόμεθαῑ
1355 1812 1409 1859 iis
1469 1829 1669 1876 quoque

155 1890 309 1938 tribus
347 1888 465 1937 locis
505 1901 853 1954 exspectamus
883 1892 1120 1940 aoristum
1154 1893 1483 1941 constativum
1515 1894 1577 1941 de
1615 1911 1668 1942 re

142 1989 312 2035 ,nuper
366 1972 496 2019 facta
516 1972 575 2034 1);
634 1982 801 2020 tamen
859 1974 988 2021 actio
1044 1975 1270 2022 durativa
1329 1992 1457 2038 quae
1513 1976 1668 2023 verbo

155 2052 374 2121 μα’χεσθαι
413 2053 698 2117 exprimitur
736 2054 957 2103 effecisse
995 2056 1188 2104 videtur
1225 2067 1278 2104 ut
1318 2057 1467 2105 etiam
1498 2067 1668 2105 contra

155 2151 297 2182 usum
355 2133 551 2182 solitum
608 2135 798 2184 formae
852 2137 1193 2200 praesenticae
1249 2138 1344 2185 sint
1400 2149 1668 2202 usurpatae

157 2216 236 2280 (cf.
277 2232 391 2264 ann.
434 2216 504 2263 St.
547 2217 611 2264 ad
651 2227 872 2265 nostrum
910 2217 1108 2283 locum).

229 2297 633 2360 Compositorum
701 2299 839 2346 verbi
905 2297 1125 2368 μα’χεσθαι
1182 2300 1395 2364 (οἷνα--,
1455 2301 1666 2363 ἀντι-,

158 2378 342 2438 ἀπο-η
392 2381 571 2439 ὃια-,
617 2385 813 2447 ξυμ-,
862 2380 1281 2450 προμάχεσθαι)
1319 2384 1667 2432 tantummodo

157 2460 497 2524 praesenticae
528 2461 732 2522 formae,
756 2462 803 2509 in
826 2463 1001 2527 quibus
1021 2462 1175 2511 semel
1197 2465 1471 2529 iterumque
1492 2465 1667 2529 imper-

157 2542 356 2598 fectum,
397 2540 655 2606 leguntur3
695 2544 904 2591 aoristus
943 2562 1186 2608 nusquam
1227 2547 1446 2594 occurrit.

229 2623 380 2671 Verbi
430 2624 654 2691 μέλλειν
703 2625 1003 2686 „futurum
1042 2627 1244 2688 esse'',
1293 2628 1383 2689 „in
1424 2646 1493 2676 eo
1532 2645 1668 2676 esse

158 2704 278 2765 ut’'‚
338 2705 714 2765 „cunctari''‚
767 2707 1042 2770 permultae
1079 2709 1271 2758 formae
1310 2711 1664 2774 praesenticae,

210 2889 244 2932 1)
268 2889 312 2921 cf.
338 2901 440 2932 supra
465 2901 500 2933 p.
530 2897 570 2931 17
598 2900 652 2933 sq.
