2119 3342
906 187 999 237 117

191 319 295 389 γοὺς
351 317 719 392 ἐπῃτιάσαντο
775 317 836 368 ἔτι
892 313 991 368 ἄνευ
1050 313 1187 366 αὐτῶν
1245 313 1488 382 ξυνέβησαν
1526 340 1594 347 —
1633 313 1707 361 καὶ

191 399 358 469 ὕστερον
411 403 603 461 ἐποίκους
652 404 814 451 ἑαυτῶν
854 396 1046 465 ἔπεμψαν
1086 398 1126 456 ἐς
1164 395 1241 452 τὴν
1283 395 1541 445 Ποτείδαιαν
1581 396 1704 443 κτλ.;

193 483 377 530 aoristo
428 481 705 529 constativo
756 480 832 526 hic
883 477 1022 525 locus
1061 487 1150 535 est,
1194 475 1310 538 quia
1348 474 1550 521 strictim
1590 490 1708 521 nun-

193 563 374 611 tiantur
420 579 481 610 ea
531 578 660 624 quae
709 559 1043 608 Athenienses
1094 556 1353 604 obsidione
1402 564 1605 617 peracta
1644 555 1706 603 de

195 661 254 692 ea
301 661 353 692 re
404 643 692 706 cogitabant
742 656 974 704 quaeque
1024 639 1248 686 fecerunt
1287 635 1557 684 Potidaeae
1596 652 1708 684 con-

195 724 428 773 tinendae
467 740 631 771 causa.

268 806 383 853 VIII
453 808 533 864 81,
594 820 618 851 2
678 802 911 871 γενομένης
966 800 1013 852 δὲ
1070 802 1305 859 ἐκκλησίας
1359 799 1440 853 τήν
1496 819 1538 847 τε
1597 801 1714 850 ἰδίαν

197 884 421 956 ξυμφορὰν
478 883 814 957 ἐπῃτιάσατο
869 892 946 944 τῆς
1002 891 1139 950 φυγῆς
1197 882 1270 931 καὶ
1329 877 1638 948 οἷνωλοφύρατο
1693 885 1717 930 ὁ

199 965 482 1037 Ἀλκιβιάδης
521 968 595 1017 καὶ
634 967 721 1034 περὶ
758 976 841 1016 τῶν
879 969 1105 1016 πολιτικῶν
1137 959 1279 1013 πολλὰ
1311 960 1432 1012 εἰπὼν
1467 963 1507 1022 ἐς
1539 962 1717 1021 ἐλπίδας

202 1047 358 1113 αὐτοὺς
414 1045 600 1116 σμικρὰς
649 1058 730 1098 τῶν
775 1045 1022 1114 μελλόντων
1072 1047 1305 1101 καθίστη
1357 1046 1481 1093 κτλ.;
1533 1041 1716 1089 aoristo

200 1129 486 1194 usurpando
537 1138 704 1175 noster
742 1127 905 1191 priora
943 1135 1116 1189 utpote
1155 1123 1343 1172 leviora
1380 1123 1596 1171 breviter
1636 1123 1718 1170 ab·

200 1211 362 1268 solvit,
403 1220 456 1257 ut
492 1208 714 1257 celeriter
751 1218 974 1256 transeat
1012 1207 1077 1255 ad
1116 1223 1175 1254 ea
1209 1222 1338 1269 quae
1373 1214 1485 1252 sunt
1518 1204 1720 1269 majoris

203 1291 451 1357 ponderiS,
492 1307 622 1354 quae
661 1290 951 1353 imperfecto
991 1288 1312 1351 designantur
1351 1287 1409 1347 (ἐς
1447 1288 1625 1346 ἐλπίδας
1652 1315 1719 1321 —

204 1374 432 1437 καθι’στη);
482 1372 618 1435 quod
657 1372 806 1419 etiam
845 1370 913 1417 Sic
952 1369 1156 1432 exprimi
1196 1378 1418 1431 poterat:
1458 1397 1526 1402 ——
1565 1368 1723 1419 ἐπαι-

203 1453 533 1523 τιασάμενος
571 1457 645 1504 καὶ
684 1449 1057 1520 οἷνολοφυροῖμενος
1096 1479 1164 1485 —-—
1205 1453 1401 1507 καθίστη.

277 1535 624 1600 Compositum
680 1535 1138 1595 ξυνεπαιτιοῖσθαι
1189 1541 1327 1579 extat
1376 1529 1721 1578 tantummodo

207 1620 237 1666 Γ
274 1632 387 1684 135,
431 1633 454 1664 2
498 1616 646 1680 idque
685 1615 776 1662 sub
818 1613 1089 1678 imperfecti
1126 1613 1301 1660 forma.

279 1698 576 1764 (Compositi
615 1699 1019 1749 καταιτιοῖσθαι
1056 1694 1210 1743 Semel
1252 1692 1333 1760 [III
1375 1709 1458 1754 42,
1503 1691 1545 1759 3]
1586 1691 1721 1755 impf.

209 1781 418 1830 occurrit
456 1781 606 1843 idque
645 1779 693 1826 in
732 1778 989 1826 enuntiato
1027 1776 1386 1840 hypothetico.)

282 1862 433 1910 Verbi
484 1863 741 1929 ἐγκαλεῖν
788 1859 1001 1921 „crimini
1040 1857 1191 1906 dare”
1233 1873 1332 1904 non
1372 1854 1497 1903 aliae
1537 1854 1727 1902 formae

211 1945 300 1992 nisi
356 1942 642 2006 imperfecta
698 1940 1027 1999 inveniuntur,
1086 1955 1266 2001 nempe
1323 1937 1455 1985 hisce
1511 1935 1654 1984 locis:
1707 1935 1726 1982 I

216 2037 296 2088 72,
346 2042 397 2085 13
439 2024 506 2071 IV
555 2040 666 2085 123,
715 2039 766 2084 13
807 2022 853 2069 V
895 2025 976 2082 46,
1021 2038 1077 2082 33
1117 2021 1186 2067 VI
1230 2035 1310 2081 53,
1359 2036 1396 2066 1.

284 2106 438 2154 Verbi
494 2107 782 2156 ἐπικαλεῖν
841 2103 1058 2166 (active),
1117 2101 1253 2165 quod
1318 2099 1451 2163 apud
1507 2108 1729 2146 nostrum

215 2188 398 2251 ubique
454 2187 633 2234 eodem
690 2202 837 2233 sensu
894 2201 993 2247 quo
1045 2185 1242 2251 ἐγκαλεῖν
1301 2181 1577 2239 adhibetur,
1629 2179 1728 2226 ind.

217 2269 319 2318 aor.
374 2285 471 2316 non
523 2267 717 2330 legitur,
764 2266 898 2330 impf.
939 2263 1093 2313 semel
1133 2264 1199 2327 (V
1242 2267 1322 2325 56,
1367 2264 1412 2325 2)
1453 2259 1674 2309 occurrit.
1697 2260 1731 2323 1)

288 2350 441 2398 Verbi
480 2354 812 2417 κατηγορεῖν
853 2347 1060 2395 aoristus
1098 2345 1299 2394 omnino
1340 2360 1437 2391 non
1470 2331 1730 2401 invenitur,

219 2432 309 2480 sed
353 2449 376 2479 2
420 2431 553 2495 impf.
596 2440 690 2479 act.
732 2440 781 2477 et
824 2446 847 2476 2
891 2428 1026 2492 impf.
1068 2444 1198 2491 pass.
1241 2434 1517 2474 occurrunt.

274 2658 308 2702 1)
335 2660 387 2689 De
415 2657 530 2688 medio
560 2652 790 2686 ἐπικαλεῖσθαι
816 2652 897 2695 („ad
924 2663 959 2683 se
985 2650 1149 2693 voea1·e‘')
1175 2651 1218 2681 cf.
1246 2660 1348 2691 supra
1374 2648 1390 2690 ἓ
1412 2648 1432 2679 6
1458 2659 1492 2689 p.
1523 2646 1586 2678 106
1614 2657 1687 2688 sqq.
