2119 3342
917 189 980 234 93

191 314 334 364 simul
382 315 430 363 vi
469 315 699 364 iterativa
736 332 847 363 esse
885 314 1179 378 praeditum,
1220 314 1343 361 sicut
1382 313 1531 361 etiam
1569 312 1705 376 impf.

191 399 325 465 ἐγίγν.
367 397 645 445 iterativum
686 398 794 460 est).
836 397 1065 444 Aoristus
1104 405 1271 443 autem
1312 396 1416 459 ejus
1453 394 1595 442 verbi
1632 404 1708 442 est

193 478 449 526 effectivus
489 478 854 541 (‚‚pr0hibendo
888 477 1030 524 alicui
1070 486 1372 540 potestatem
1405 474 1609 540 alicujus
1639 475 1708 522 rei

193 559 449 608 faciendae
487 558 746 622 eripere’'),
787 557 922 606 velut
963 557 1031 604 IV
1073 561 1155 618 96,
1200 574 1223 603 2
1267 571 1341 617 καῖ
1382 557 1592 625 ἑκατέρων
1624 566 1707 606 τῶν

193 640 487 709 στρατοπέδων
525 637 578 690 τὰ
618 638 787 707 ἔσχατα
828 637 906 689 οὐκ
939 634 1064 694 ἦλθεν
1099 641 1140 698 ἐς
1173 645 1337 707 χεῖρας,
1372 635 1490 689 α’λλᾶ
1522 638 1570 687 τὸ
1603 635 1708 687 αὐτὸ

192 720 370 772 ἔπαθεν·
403 718 561 790 ῥύακες
594 717 678 789 γὰρ
711 720 997 771 ἐκώλυσαν
1031 720 1315 782 (quominus
1347 719 1394 765 id
1430 719 1568 766 fieret
1600 735 1708 781 pro-

192 802 499 866 hibuerunt)3
548 802 616 849 sic
667 801 801 850 infin.
847 818 950 849 aor.
990 811 1254 865 usurpatur
1296 801 1388 848 VII
1433 813 1513 862 70,
1558 813 1584 862 7
1624 806 1710 860 τοῖς

193 882 240 934 δὲ
284 888 558 952 Συρακοσίοις
608 884 682 933 καὶ
737 881 992 951 ξυμμάχοις
1042 884 1088 946 (ἡ
1140 882 1453 951 παρακέλευσις
1504 882 1708 949 ἐγίγνετο)

197 965 332 1016 καλὸν
383 963 488 1015 εἶναι
540 968 789 1016 κωλῦσαί
832 985 874 1014 τε
925 962 1080 1025 αὐτοὺς
1131 964 1178 1027 (i.
1202 981 1245 1012 e.
1297 961 1394 1023 τοὺς
1442 960 1709 1025 Ἀθηναίους)

194 1047 416 1113 διαφυγεῖν
456 1051 550 1097 κτλ.

268 1127 546 1191 Compositi
579 1125 915 1179 διακωλύειν
949 1127 1084 1190 impf.
1119 1127 1218 1174 vim
1255 1126 1537 1174 conativam
1559 1125 1712 1172 habet

194 1209 263 1256 ΙΙΙ
318 1213 399 1269 64,
456 1226 481 1271 3
533 1211 1087 1277 ξυγκατεὸουλοῦσθε
1136 1213 1309 1275 μᾶλλον
1364 1208 1596 1275 Αἰγινήτας
1635 1210 1710 1256 καὶ

195 1287 357 1351 ἄλλους
404 1287 524 1351 τινας
569 1300 652 1341 τῶν
704 1289 1034 1358 ξυνομοσοίντων
1080 1290 1107 1344 ἢ
1148 1286 1474 1340 ὃιεκωλύετε
1522 1287 1710 1351 „magis

195 1372 244 1419 id
296 1371 524 1435 agebatis
571 1381 625 1419 ut
667 1371 1002 1418 Athenienses
1040 1371 1086 1417 in
1126 1370 1413 1434 subigendis
1452 1369 1713 1431 Aeginetis

196 1452 402 1516 aliisque
445 1453 689 1517 juvaretis
740 1469 890 1516 quam
934 1462 987 1500 ut
1025 1469 1112 1500 eos
1150 1452 1246 1499 hoc
1283 1452 1448 1499 facere
1485 1450 1710 1514 prohibe-

195 1533 344 1582 retis”
386 1534 554 1597 (etiarn
595 1534 729 1597 impf.
772 1536 1010 1601 ξυγκατεδ.
1050 1534 1336 1581 conativum
1377 1533 1484 1596 est).

223 1615 416 1662 -Verbi
472 1619 671 1666 πείθειν
731 1615 1073 1678 imperfectum
1131 1614 1376 1663 nonnullis
1433 1613 1569 1673 locis,
1628 1612 1710 1661 ubi

195 1697 299 1744 sine
344 1698 612 1759 negatione
651 1697 860 1744 occurrit
879 1697 929 1760 1),
979 1707 1054 1744 est
1105 1696 1418 1744 conativum:
1467 1694 1710 1757 „aliquem

195 1778 427 1825 inducere
466 1779 633 1825 conari
672 1778 737 1826 ad
775 1776 961 1840 aliquid
1011 1776 1325 1825 faciendum”
1348 1777 1398 1840 <2).
1453 1776 1532 1823 Sic
1579 1792 1711 1822 usur-

194 1869 339 1922 patur
378 1859 449 1906 IV
492 1876 549 1920 91
597 1859 679 1921 (de
713 1876 811 1922 quo
841 1857 951 1906 1000
981 1859 1039 1906 cf.
1073 1877 1120 1922 p.
1157 1859 1240 1921 27)
1271 1868 1319 1905 et
1349 1858 1528 1905 eodem
1559 1857 1711 1904 modo

196 1940 313 1988 VIII
355 1956 436 2001 93,
482 1957 505 1987 2
548 1938 753 1991 ἔπειθον
793 1944 906 2000 κτλ.,
946 1940 1083 2004 cujus
1121 1949 1328 1987 conatus
1368 1955 1576 2002 prosper
1609 1956 1711 1986 suc-

195 2038 362 2069 cessus
401 2021 650 2068 nuntiatur
690 2021 752 2068 ib.
793 2022 871 2083 ἓξ,
905 2018 1210 2089 ξυνεχώρησαν
1241 2042 1283 2070 τε
1317 2025 1412 2070 κτλ.
1448 2019 1528 2067 Sic
1562 2020 1711 2067 etiam

193 2101 503 2166 participium
566 2119 725 2165 praes.
786 2102 1015 2149 conative
1071 2102 1331 2149 adhibetur
1387 2101 1480 2148 VII
1542 2118 1621 2161 21,
1683 2116 1707 2163 5

193 2190 268 2235 τοῦ
327 2206 369 2234 τε
428 2188 643 2235 Γυλίππου
708 2187 783 2234 καὶ
833 2189 907 2233 τοῦ
955 2182 1272 2252 Ἑρμοκράτους
1310 2213 1378 2218 —
1415 2182 1711 2233 πειθόντων

195 2270 289 2316 κτλ.
330 2265 359 2313 i.
382 2282 424 2314 e.
466 2265 791 2312 hortantibus.

267 2347 322 2394 In
365 2363 426 2394 eo
465 2345 576 2393 loco
619 2363 768 2409 quem
807 2363 957 2410 supra
996 2364 1043 2409 p.
1089 2360 1150 2407 59
1192 2345 1392 2393 laudavi
1431 2345 1493 2409 (II
1537 2349 1619 2406 96,
1664 2347 1711 2409 2)

195 2428 332 2491 impf.
382 2426 588 2478 ἔπειθεν
637 2438 713 2475 est
749 2427 1057 2495 iterativum,
1111 2427 1236 2475 sicut
1288 2427 1437 2475 etiam
1486 2427 1505 2474 I
1558 2444 1640 2488 91,
1688 2443 1704 2474 1

197 2512 236 2560 οἱ
299 2508 346 2560 δὲ
415 2506 643 2569 α’κούοντες
710 2518 769 2579 τῷ
832 2508 910 2576 μὲν
970 2513 1256 2576 Θεμιστοκλεῖ
1306 2509 1581 2559 ἐπείθοντο
1637 2504 1712 2558 διὰ

197 2594 340 2657 φιλίαν
393 2587 549 2640 αὑτοῡε
592 2590 910 2654 magistratus
948 2589 1177 2652 Spartani
1217 2588 1553 2648 Themistocli,
1596 2605 1713 2651 quo-

248 2741 281 2785 1)
319 2743 371 2774 De
396 2742 597 2784 imperfecto
627 2741 722 2773 verbi
758 2738 876 2771 πείθειν
909 2752 987 2773 cum
1022 2741 1207 2783 negatione
1242 2740 1426 2782 conjuncto
1453 2740 1522 2772 vid.
1550 2751 1653 2783 supra
1678 2753 1713 2784 p.

198 2809 242 2840 30
267 2811 319 2841 sq.
346 2805 378 2830 et
405 2800 492 2831 infra
517 2799 533 2841 ἓ
559 2808 590 2839 9.

245 2857 280 2899 2)
308 2858 360 2888 De
387 2867 427 2888 eo
454 2857 547 2898 quod
574 2857 715 2888 interest
740 2857 829 2888 inter
856 2854 973 2885 πείθειν
1001 2860 1034 2886 et
1059 2855 1171 2884 πεῖσαι
1198 2856 1240 2888 cf.
1263 2866 1367 2897 supra
1382 2867 1414 2897 p.
1433 2864 1474 2895 27
1491 2866 1542 2897 sq.
1559 2861 1592 2887 et
1607 2867 1640 2897 p.
1658 2864 1711 2896 31.
