2119 3342
909 207 970 256 27

193 351 491 406 „occupatus
548 349 655 387 erat
703 339 750 386 in
802 354 934 400 aqua
983 330 1304 383 derivanda”.
1356 328 1703 393 Imperfectum

188 424 394 493 ἐξέτρεπεν
449 421 584 485 quod
633 419 811 482 legitur
857 419 887 480 ξ
933 433 964 477 4
1003 433 1091 479 per
1130 431 1182 462 se
1222 412 1287 461 nil
1327 412 1417 459 nisi
1455 409 1702 458 actionem

190 505 469 552 durativam
516 501 773 550 derivandi
815 498 1057 562 exprimit,
1099 512 1261 558 aeque
1301 511 1359 541 ac
1398 491 1531 554 impf.
1572 490 1701 558 ἐξέτρ.

190 586 326 650 quod
365 584 573 632 occurrit
610 584 640 645 ξ
676 597 720 643 5.
755 581 797 628 E
832 589 1065 627 contextu
1100 587 1267 625 autem
1302 583 1512 638 apparet
1544 572 1707 635 priore

193 667 481 730 imperfecto
517 664 704 711 initium
725 678 928 725 quoque
948 659 1154 707 actionis
1175 654 1546 720 comprehendi,
1570 651 1706 715 quod

190 747 531 812 imperfectum
551 744 767 793 breviter
787 743 969 790 dictum
992 750 1066 788 est
1081 756 1170 803 pro
1186 737 1412 801 longiore
1427 733 1704 782 enuntiato:

191 829 394 897 ’ἤρξατο
422 826 680 895 ἐκτρέπειν
709 830 796 875 καὶ
818 822 1036 874 διετέλει
1058 817 1188 884 (τινὰ
1209 818 1418 888 χρόνον)
1440 815 1707 884 ἐκτρέπων.

194 911 333 958 ldem
360 908 493 957 valet
522 908 568 955 in
601 907 828 955 omnibus
857 902 1155 967 imperfectis
1181 898 1489 948 incohativis.
1515 897 1709 945 Caven-

193 993 311 1039 dum
332 991 478 1053 igitur
498 999 587 1048 est,
610 1005 671 1036 ne
692 987 828 1050 impf.
852 984 1188 1033 incohativum
1211 992 1260 1030 et
1280 997 1382 1029 aor.
1406 978 1708 1043 ingressivus

192 1074 324 1121 idem
356 1070 633 1134 significare
666 1078 912 1132 putentur.
949 1066 1045 1113 Hic
1067 1064 1131 1112 nil
1153 1063 1241 1111 nisi
1262 1063 1540 1126 ingressum
1562 1058 1710 1107 actio-

194 1155 267 1202 nis
310 1153 506 1210 indicat,
547 1150 683 1199 velut
721 1145 821 1217 Ξρξε
869 1165 984 1206 „rex
1023 1147 1179 1194 factus
1219 1144 1346 1203 est'',
1387 1160 1486 1206 quo
1525 1140 1709 1189 aoristo

195 1234 436 1299 regnandi
489 1249 575 1296 per
626 1231 879 1295 quoddam
928 1240 1125 1291 tempus
1164 1224 1469 1274 continuatio
1509 1221 1711 1270 omnino

196 1333 295 1364 non
347 1314 661 1378 exprimitur,
708 1329 858 1375 quam
898 1310 937 1358 si
976 1309 1084 1372 quis
1123 1307 1300 1355 eadem
1340 1321 1494 1368 opera
1531 1301 1711 1366 signifi-

198 1414 310 1445 care
348 1395 468 1454 vult,
508 1394 642 1457 impf.
685 1392 967 1440 incohativo
1007 1390 1074 1436 uti
1116 1389 1280 1436 debet.
1323 1387 1416 1433 Per
1453 1401 1507 1432 se
1545 1381 1714 1431 intelli-

197 1479 327 1542 gitur
364 1476 593 1524 omnibus
630 1474 750 1522 locis
789 1474 964 1537 quibus
1003 1469 1345 1534 imperfectum
1385 1465 1594 1514 occurrit
1633 1464 1714 1511 ad-

192 1561 328 1625 jecto
367 1558 606 1606 adverbio
639 1553 809 1616 εὐθύς,
843 1553 1186 1618 imperfectum
1219 1567 1328 1598 esse
1362 1547 1713 1605 incohativum,

199 1640 337 1689 velut
374 1640 420 1687 V
464 1656 543 1701 39,
588 1654 613 1700 3
656 1637 807 1688 καὶτὸ
842 1636 1074 1686 Πάνακτον
1108 1630 1265 1692 εὐθὺς
1295 1634 1587 1698 καθῃρεῖτο
1620 1628 1713 1675 i0e.

201 1722 367 1770 statim
401 1722 671 1769 Panactum
693 1716 1012 1781 complanare
1033 1723 1303 1778 coeperunt
1324 1713 1393 1775 (et
1414 1708 1717 1774 aliquamdiu

204 1803 562 1868 perrexerunt).

275 1885 403 1932 Cum
437 1882 727 1945 imperfecto
748 1880 795 1927 in
816 1895 1002 1943 genere
1023 1875 1325 1940 significetur
1346 1872 1560 1936 aliquem
1582 1887 1718 1934 prae-

203 1965 348 2014 terito
381 1975 608 2027 tempore
641 1963 689 2009 in
724 1960 889 2025 aliqua
922 1976 974 2006 re
1005 1957 1204 2022 agenda
1237 1964 1535 2017 occupatum
1554 1952 1718 2008 fuisse,

205 2048 268 2095 de
306 2046 438 2094 exitu
476 2055 643 2092 autem
682 2043 786 2090 s1ve
825 2051 1008 2089 eventu
1047 2038 1252 2086 actionis
1291 2035 1355 2083 nil
1394 2034 1718 2098 praedicetur,

206 2127 548 2191 imperfectum
599 2125 748 2172 etiam
802 2121 1023 2171 adhiberi
1075 2128 1243 2183 potest
1290 2117 1353 2165 ad
1398 2115 1720 2179 exprimenda

208 2207 532 2257 conamina
583 2206 760 2269 quibus
810 2203 919 2267 quis
969 2211 1183 2264 temptat
1233 2199 1472 2263 perficere
1520 2196 1720 2260 aliquid,

209 2307 338 2354 quae
377 2288 639 2336 conamina
677 2301 915 2349 prospere
989 2280 1315 2330 successerint
1354 2295 1510 2326 necne
1548 2278 1724 2341 imper-

209 2372 340 2419 fecto
374 2387 472 2417 non
506 2369 756 2416 indicatur.
796 2364 1096 2430 Hujusmodi
1120 2361 1408 2425 imperfecta
1430 2359 1724 2407 conativa

210 2451 429 2509 dicimuS,
471 2466 680 2513 quorum
720 2445 1001 2510 exemplum
1041 2455 1116 2492 est
1157 2443 1228 2490 IV
1270 2459 1328 2503 91
1376 2441 1624 2509 Παγώνδας
1657 2469 1724 2474 -—-

211 2532 475 2602 βουλόμενος
523 2530 600 2586 τὴν
650 2527 805 2597 μα’χην
843 2537 1016 2583 ποι-ἧσαι
1053 2555 1121 2561 —
1160 2523 1346 2575 ἔπειθε
1384 2520 1481 2582 τοὺς
1521 2519 1726 2581 Βοιωτοὺς

215 2614 317 2664 ἱέναι
369 2615 431 2663 ἐπὶ
481 2609 578 2670 τοὺς
621 2610 873 2669 Ἀθηναίους
912 2612 986 2658 καὶ
1024 2607 1094 2656 τὶν
1136 2605 1290 2673 α’γῶνα
1328 2605 1549 2661 ποιεῖσθαι,
1589 2602 1725 2669 λέγων

212 2693 355 2745 τοιοίδε
405 2693 433 2740 i.
487 2709 530 2740 e.
583 2708 694 2738 cum
745 2689 896 2737 vellet
945 2687 1188 2751 proelium
1239 2684 1562 2742 committere,
1603 2699 1725 2745 per-

214 2775 477 2822 suadere
516 2772 860 2820 conabatur
900 2768 1101 2817 Boeotis
1139 2777 1192 2814 ut
1229 2767 1468 2828 impetum
1509 2763 1728 2811 facerent

214 2857 261 2905 in
301 2854 647 2904 Athenienses.
691 2852 880 2901 Contra
919 2860 1032 2917 post
1070 2849 1344 2897 orationem
1384 2844 1592 2895 relatam
1632 2844 1727 2893 hoc
