2119 3342
913 227 972 270 19

177 355 348 403 adesse
396 353 666 402 existimavi.
718 350 935 415 Exempli
971 350 1124 416 gratia
1161 350 1357 398 afferam
1394 348 1551 398 locum
1589 350 1697 396 VIII

181 449 263 496 95,
307 449 332 496 5
374 437 562 503 ὀλίγον
600 434 696 496 μέν
733 454 860 484 τινα
898 432 1099 501 χρόνον
1139 431 1256 499 ὅμως
1291 436 1364 481 καὶ
1398 431 1694 498 α’ντέσχον,

178 514 317 567 ἔπειτα
348 521 441 567 κτλ.
462 535 470 563 z
505 515 677 563 aoristo
702 513 986 578 significatur
1008 511 1253 576 paululum
1273 522 1455 559 tantum
1477 511 1694 558 homines

178 597 415 656 restitisse,
456 596 612 644 statim
643 595 781 659 igitur
809 611 839 641 a
869 594 1092 657 scriptore
1124 592 1187 640 ad
1218 591 1344 639 aliud
1374 592 1487 656 quid
1517 608 1694 638 memo-

178 678 380 726 randum
417 676 659 726 transitum
697 676 746 722 iri
767 677 813 738 1).

251 758 380 806 Tum
425 756 672 806 nonnullos
720 755 850 804 locos
899 772 927 803 e
980 754 1259 818 Thucydide
1296 752 1482 812 contuli,
1523 753 1698 816 quibus

181 839 354 887 aoristo
403 838 626 886 indicatur
682 837 797 898 „das
846 853 900 884 so
938 836 1062 884 eben
1098 833 1464 900 Eingetretene”
1504 851 1598 881 non
1636 851 1696 881 eo

180 930 398 986 tempore
453 937 549 983 quo
599 919 636 966 is
687 917 895 981 loquitur
945 917 1026 980 qui
1075 917 1301 964 aoristum
1352 916 1560 974 adhibet,
1611 915 1697 962 sed

183 1001 350 1065 quovis
380 1011 596 1063 tempore
614 999 867 1063 praeterito
887 999 986 1046 sive
1005 998 1161 1045 futuro
1182 997 1315 1061 quod
1333 997 1369 1044 is
1390 997 1472 1060 qui
1493 996 1700 1060 loquitur

181 1082 337 1130 animo
383 1098 470 1129 suo
513 1090 850 1144 repraesentat.
900 1080 1284 1144 Brugmannus2)
1338 1095 1551 1142 quoque,
1592 1095 1698 1124 auc-

182 1174 284 1212 tore
321 1162 642 1223 Delbrueckio
682 1160 864 1226 (Vergl.
906 1154 1037 1224 Synt.
1079 1161 1116 1206 II
1154 1179 1199 1223 p.
1249 1161 1347 1220 284
1380 1161 1528 1222 sqq.),
1562 1175 1698 1221 sepa-

181 1245 318 1293 ratim
357 1255 525 1293 tractat
570 1244 672 1305 „die
709 1242 855 1301 F'alle,
895 1259 969 1289 wo
1008 1241 1091 1289 der
1122 1241 1376 1304 Zeitpunkt
1408 1240 1492 1287 der
1522 1239 1698 1286 Aorist—

183 1325 422 1391 handlung
457 1342 552 1373 von
589 1325 713 1373 einer
750 1339 1260 1388 angenommenen
1294 1321 1583 1386 Gegenwart
1614 1337 1700 1367 aus

183 1408 424 1456 bestimmt
465 1405 570 1454 {st''.
611 1406 717 1453 Huc
754 1405 953 1469 pertinet
989 1405 1106 1451 inter
1142 1402 1256 1451 alios
1293 1401 1423 1450 locos
1461 1402 1532 1448 hic
1568 1400 1700 1448 locus

186 1488 492 1536 Homericus:
517 1496 549 1537 Δ
588 1504 604 1534 1
619 1491 682 1534 60
703 1504 776 1551 sq.
800 1493 924 1554 εἴπερ
947 1484 1032 1553 γάρ
1050 1507 1092 1535 τε
1112 1489 1187 1535 καὶ
1209 1482 1347 1534 αὐτίκ’
1367 1480 1602 1550 Ὀλύμπιος
1622 1479 1700 1532 οὐκ

187 1571 387 1629 ἐτέλεσσε,
411 1568 457 1619 ἔκ
488 1590 529 1619 τε
564 1572 637 1618 καὶ
665 1567 736 1636 ὀψὲ
755 1572 877 1627 τελεῖ,
900 1564 976 1618 σύν
998 1588 1038 1616 τε
1058 1564 1235 1634 μεγάλῳ
1258 1564 1385 1616 α’πέτ
1400 1584 1549 1615 εισαν
1581 1563 1699 1624 „und

184 1651 331 1699 damit
363 1650 406 1714 (i.
430 1667 471 1698 e.
513 1667 617 1697 cum
656 1649 975 1713 Trojanorum
1011 1646 1137 1694 male
1175 1646 1347 1694 factum
1386 1662 1415 1693 a
1451 1645 1572 1707 Jove
1608 1644 1701 1691 vin·

185 1733 388 1780 dicatum
416 1731 518 1794 erit)
551 1730 709 1777 haben
739 1730 805 1777 sie
825 1730 949 1777 dann
967 1726 1215 1793 gebuSst''.
1237 1726 1383 1790 Apud
1403 1726 1701 1774 Herodotum

185 1812 363 1877 aliquot
398 1811 509 1860 locis
547 1812 746 1859 aoristus
784 1811 847 1858 sic
885 1810 1093 1868 occurrit,
1135 1808 1266 1857 velut
1305 1810 1322 1855 I
1366 1824 1461 1867 194
1494 1810 1559 1858 ε’πε
1564 1828 1616 1857 αν
1645 1801 1701 1857 ὧν

187 1894 426 1946 α’πίκωνται
446 1894 640 1953 πλέοντες
660 1894 700 1952 ἐς
719 1893 795 1949 τὴν
812 1896 1057 1960 Βαβυλῶνα
1078 1895 1152 1941 καὶ
1173 1890 1301 1940 ὃιαθε
1280 1911 1427 1939 maron
1447 1889 1517 1939 τὸν
1534 1888 1698 1956 φόρτον,

186 1977 347 2044 νομέας
377 1973 456 2042 μὲν
487 1980 561 2024 τοῦ
592 1978 738 2024 πλοίου
773 1978 847 2023 καὶ
867 1994 944 2029 την
966 1971 1176 2039 καλάμην
1196 1978 1341 2022 πᾶσαν
1375 1967 1457 2020 α’π
1485 1963 1546 2019 ὧν
1580 1970 1702 2024 ἐκή-

186 2062 362 2126 ρυξαν
404 2057 449 2119 („
457 2055 616 2103 haben
664 2055 730 2102 sie
774 2055 896 2102 denn
928 2053 1081 2118 gleich
1114 2069 1175 2100 an
1206 2052 1280 2100 die
1311 2050 1702 2099 Meistbietenden

186 2135 604 2204 losgeschlagen'')
635 2133 714 2196 τὰς
745 2134 791 2186 δὲ
827 2136 1027 2204 διφθέρας
1060 2132 1336 2194 ἐπισάξαντες
1370 2134 1432 2183 ἐπὶ
1463 2130 1562 2192 τοὺς
1583 2130 1705 2192 ’ὄνους

189 2216 559 2271 ἀπελαύνουσι
598 2218 638 2276 ἐς
670 2214 769 2276 τοὺς
807 2214 1067 2283 Ἀρμενίους,
1099 2231 1159 2262 ex
1190 2231 1287 2277 quo
1319 2211 1540 2276 exemplo
1573 2211 1706 2259 simul

188 2310 391 2365 apparet
427 2298 656 2364 ejusmodi
683 2296 794 2345 locis
826 2297 1048 2344 aoristum
1080 2306 1128 2343 et
1158 2311 1386 2358 praesens
1416 2294 1542 2342 vices
1572 2292 1704 2341 alter-

188 2400 302 2430 nare
349 2398 507 2445 posse.
559 2378 743 2442 Reliqui
791 2377 879 2426 loci
927 2377 1189 2425 Herodotei
1232 2376 1313 2439 qui
1350 2376 1441 2423 huc
1473 2375 1706 2438 pertinent

189 2463 363 2512 laudati
393 2472 501 2509 sunt
531 2478 561 2508 a
592 2460 765 2508 Steinio
797 2459 859 2506 ad
890 2457 968 2506 1.1.
998 2458 1144 2521 Apud
1163 2456 1492 2519 Thucydidem
1513 2473 1706 2519 quoque

191 2544 387 2593 aoristus
424 2543 488 2591 sic
525 2542 785 2598 adhibetur,
819 2539 948 2587 velut
980 2540 1019 2586 ΙΙ
1053 2555 1136 2598 42,
1172 2555 1196 2599 3
1233 2543 1307 2588 καὶ
1337 2535 1422 2605 γὰρ
1453 2543 1538 2596 τοῖς
1557 2530 1706 2588 τᾶλλα

192 2631 350 2695 χείροσι
401 2627 571 2675 δίκαιον
619 2622 697 2679 τὴν
747 2624 788 2682 ἐς
838 2619 937 2681 τοὺς
985 2621 1198 2688 πολέμους
1248 2618 1351 2688 ὑπὲρ
1387 2627 1462 2677 τῆς
1500 2619 1707 2685 πατρίδος

244 2788 278 2832 x)
304 2788 346 2820 cf.
377 2792 494 2819 contra
521 2786 570 2817 IV
596 2792 697 2826 4471
726 2783 879 2822 χρόνον
903 2780 977 2821 μὲν
1002 2776 1069 2811 οὖν
1095 2779 1229 2811 πολὺν
1253 2777 1465 2818 ἀντεῖχον
1491 2775 1548 2808 οὐκ
1575 2774 1711 2808 ἐνδιδόν-

191 2855 248 2882 τες
269 2842 446 2881 ἀλλήλοις·
469 2841 590 2874 ’ἔπειτα
614 2847 691 2873 κτλ.

242 2900 278 2944 2)
305 2901 364 2933 Gr.
393 2899 475 2931 Gr.³
502 2909 536 2941 p.
562 2906 642 2939 490.
