2119 3342
1089 186 1152 244 98

475 419 504 479 ἓ
545 421 588 465 6.
644 417 736 464 De
785 416 1178 480 imperfecto
1225 414 1760 479 exspectativo1).

436 578 521 626 Ad
567 579 662 627 hoc
713 578 987 642 imperfecti
1037 596 1197 643 genus
1247 595 1378 642 quae
1429 578 1582 626 verba
1631 576 1878 641 pertinere

364 661 592 709 videntur
631 660 826 724 singula
863 661 1097 725 deinceps
1135 661 1391 708 tractabo:

438 742 591 790 Verbi
630 740 871 793 κελεύειν
905 743 1032 790 inter
1061 742 1403 806 imperfectum
1434 751 1483 789 et
1505 739 1742 789 aoristum
1763 738 1882 803 quid

365 822 551 871 intersit
590 823 777 886 optime
814 822 1085 871 illustratur
1123 823 1217 871 hoc
1255 821 1507 886 exemplo:
1550 821 1619 869 IV
1662 837 1742 881 22,
1784 837 1801 868 1
1847 822 1887 870 οἱ

365 905 412 955 δὲ
463 905 510 968 (i.
547 921 589 952 e.
643 907 681 955 οἱ
730 905 1095 972 Λακεδαιμόνιοι)
1153 906 1382 972 ξυνέὃρους
1438 907 1576 971 σφίσιν
1631 901 1886 953 ἐκέλευον

366 986 558 1036 {zebeam
615 984 768 1050 legati
812 986 1328 1034 Lacedaemoniorum
1367 994 1480 1049 post
1521 982 1715 1032 cladem
1751 982 1887 1046 apud

369 1066 542 1130 Pylum
581 1077 841 1130 acceptam
883 1068 945 1115 ab
985 1067 1377 1115 Atheniensibus
1415 1065 1622 1114 comitiis
1657 1063 1888 1112 institutis

368 1158 592 1212 petunt
631 1160 685 1197 ut
722 1148 911 1212 aliquot
948 1149 1081 1197 viros
1112 1166 1174 1196 ex
1206 1165 1260 1196 se
1292 1147 1479 1211 eligant
1512 1147 1595 1211 qui
1629 1164 1740 1194 cum
1771 1145 1887 1209 ipsis

370 1230 432 1277 de
478 1247 602 1294 pace
653 1231 1005 1294 componenda
1055 1229 1352 1291 deliberent;
1405 1229 1695 1293 imperfecto
1734 1226 1888 1291 legati

370 1323 722 1375 exspectantes
774 1313 890 1376 quid
939 1313 1201 1376 rogatione
1246 1329 1336 1360 sua
1387 1311 1473 1359 fiat
1522 1310 1888 1375 significantur3

371 1394 418 1441 in
457 1394 513 1440 iis
547 1404 714 1441 autem
749 1411 879 1457 quae
907 1405 1181 1457 sequuntur
1214 1395 1262 1457 (ξ
1288 1395 1334 1457 2)
1367 1410 1469 1441 aor.
1505 1391 1709 1457 legitur:
1743 1391 1890 1441 Κλέων

386 1474 423 1505 N)

376 1494 422 1525 οε
462 1504 530 1510 —
568 1482 609 1525 εἴ
639 1497 675 1525 τι
715 1474 827 1543 ὑγιὲς
865 1478 1154 1536 διανοοῦνται,
1196 1477 1332 1543 λέγειν
1371 1476 1655 1526 ἐκέλευσεν
1704 1469 1890 1524 ἅπασινε

373 1556 582 1604 aoristus
615 1557 879 1605 adhibetur
910 1558 972 1605 de
1006 1574 1067 1605 eo
1100 1557 1198 1621 qui,
1233 1555 1343 1621 plus
1371 1555 1541 1605 valere
1572 1573 1625 1604 se
1656 1555 1890 1612 sentiens,

373 1655 472 1686 non
524 1639 692 1702 petit
742 1639 831 1686 sed
878 1637 1026 1702 plane
1069 1640 1278 1703 jubet3
1328 1655 1450 1702 ergo
1503 1638 1712 1686 aoristus
1757 1636 1893 1685 adhi-

372 1720 516 1768 betur
556 1720 618 1768 de
658 1737 718 1768 eo
760 1720 842 1784 qui
882 1737 995 1768 suo
1027 1721 1171 1784 jure
1203 1720 1418 1785 jubet,
1459 1720 1564 1768 sive
1598 1719 1893 1783 magistratu

373 1801 593 1865 fungitur
624 1801 729 1849 sive
763 1801 929 1865 aliqua
949 1801 1046 1850 alia
1067 1819 1217 1850 causa
1238 1801 1460 1865 superior
1481 1811 1555 1848 est
1576 1818 1637 1849 eo
1658 1801 1741 1864 qui
1755 1800 1895 1865 jube-

374 1893 466 1931 tur.
520 1883 819 1931 Indicativus
868 1883 1035 1931 aoristi
1084 1894 1281 1948 praeter
1331 1900 1445 1931 eum
1498 1900 1646 1946 quem
1693 1881 1893 1930 laudavi

375 1963 539 2011 locum
590 1965 739 2012 etiam
780 1964 914 2012 hisce
955 1963 1076 2013 locis
1115 1964 1348 2012 occurrit:
1391 1965 1432 2011 II
1478 1968 1559 2023 69,
1604 1979 1630 2025 3
1672 1967 1750 2014 καὶ
1790 1962 1896 2013 ἐκέ-

376 2050 565 2097 λευσεν
614 2048 784 2106 ἐκείνοις
829 2048 1131 2114 παραδοῦναι·
1182 2049 1221 2097 οἱ
1271 2045 1317 2096 δὲ
1357 2045 1566 2114 λαβόντες
1605 2044 1813 2112 ἐκόμισαν
1855 2044 1897 2104 ἐς

375 2123 453 2186 τὰς
504 2123 710 2186 Ἀθήναςῑ
764 2126 1003 2187 Sadocus,
1056 2125 1249 2174 Sitalcis
1292 2126 1538 2174 Thraciae
1576 2125 1708 2190 regis
1748 2124 1890 2185 filiuS‚

375 2206 555 2271 legatis
602 2207 993 2256 Atheniensibus
1041 2209 1248 2257 comites
1285 2208 1476 2256 addidit
1515 2207 1596 2271 qui
1638 2206 1895 2254 Lacedae-

379 2288 658 2336 moniorum
696 2288 909 2353 legatos,
952 2289 1034 2353 qui
1073 2300 1190 2337 tunc
1228 2289 1494 2337 Thraciam
1540 2288 1894 2352 peragrabant,

381 2370 769 2432 comprehensos
802 2370 892 2418 illis
921 2372 1188 2419 traderent.
1226 2371 1308 2419 Ad
1342 2371 1436 2418 hoc
1457 2370 1757 2419 narrandum
1779 2379 1896 2433 apte

382 2450 645 2498 adhibetur
695 2452 928 2513 aoristus3
980 2453 1164 2500 etenim
1209 2452 1435 2500 Sadocus
1473 2451 1762 2499 satellitibus
1800 2450 1899 2498 suis

381 2549 470 2579 suo
511 2532 622 2595 jure
673 2532 900 2596 imperat,
951 2534 1026 2581 cui
1076 2533 1282 2597 imperio
1331 2551 1441 2582 esse
1497 2534 1897 2596 obtemperatum

382 2613 451 2660 ita
502 2629 590 2674 per
640 2630 694 2660 se
742 2613 1026 2676 intelligitur
1073 2625 1125 2662 ut
1176 2632 1239 2662 ne
1287 2625 1588 2662 memoretur
1631 2613 1830 2677 quidem
1870 2630 1900 2660 a

383 2694 635 2756 scriptore.
678 2693 909 2743 Similiter
947 2695 1017 2742 VI
1061 2699 1140 2757 58,
1190 2713 1206 2744 1
1253 2695 1454 2761 (Ἱππίας)
1485 2698 1552 2748 ἐπί
1577 2693 1675 2756 τοὺς
1704 2695 1901 2763 πομπέας

436 2880 468 2923 1)
497 2879 549 2911 Cf.
577 2891 680 2922 supra
707 2890 741 2922 p.
769 2878 812 2912 28
839 2891 893 2922 sq.
