2119 3342
960 219 1012 250 11

301 352 407 415 Ipse
448 349 635 397 Curtius
671 347 797 395 haud
835 345 947 393 satis
985 343 1283 408 perspicuam
1316 339 1542 406 judicavit
1577 354 1750 386 vocem

238 429 555 494 „eintretend”
586 430 648 477 ad
674 427 1017 492 designandam
1044 425 1277 473 actionem
1297 422 1577 479 aorisficam,
1601 435 1751 483 quare

231 531 341 561 eam
394 529 563 560 vocem
622 509 762 557 fusius
808 507 1055 570 explicavit
1101 506 1145 552 in
1191 502 1610 567 Explanationibus
1654 499 1749 547 suis

184 607 192 618 '
233 589 693 658 („Erlauterungen''
743 607 790 652 p.
842 590 929 635 181
984 589 1132 650 sqq),
1183 585 1263 632 ubi
1302 593 1503 647 apparet
1541 581 1752 628 Curtium

231 692 351 724 voce
392 671 710 735 „eintretende
743 667 1032 733 Handlung‘'
1068 665 1317 729 complecti
1345 663 1545 712 voluisse
1569 661 1644 709 illa
1668 663 1753 710 tria

232 754 499 819 principalia
549 753 704 801 aoristi
755 768 949 816 generat
1002 750 1283 797 aoristum
1334 747 1384 793 in
1394 745 1724 810 gressivum
1742 783 1752 803 ‚

234 837 600 894 effectivum,
641 833 1044 881 constativum
1066 832 1113 893 1),
1153 846 1277 893 quae
1308 827 1496 875 nomina
1530 826 1640 890 quid
1670 824 1756 872 sibi

234 917 375 966 velint
411 935 535 964 nunc
573 915 830 963 videamus.

305 999 520 1047 Aoristus
551 995 923 1062 ingressivus
955 992 1184 1058 significat
1208 990 1399 1039 actionis
1424 989 1610 1048 initium,
1639 1005 1681 1035 e.
1704 1005 1751 1052 g.

235 1080 282 1127 V
333 1096 394 1139 92
445 1083 519 1129 καὶ
571 1088 658 1138 πῶς
695 1078 911 1145 χρήσιμον
952 1074 1004 1125 ἂν
1044 1077 1241 1141 ξυμβαίη
1281 1076 1387 1139 ἡμῖν
1426 1073 1756 1133 δουλεῦσαι,

237 1160 370 1228 ὥσπερ
391 1165 464 1211 καὶ
486 1161 587 1227 ὑμῖν
622 1156 721 1227 ἄρξ
735 1180 787 1208 αι
806 1176 819 1224 3
840 1157 865 1204 i.
891 1174 934 1203 e.
959 1172 1148 1217 „servos
1169 1153 1316 1212 fieri’',
1346 1152 1587 1213 „dominos
1606 1149 1752 1198 fie1·i’'.

309 1242 429 1288 Huic
476 1241 652 1288 aoristo
699 1238 942 1302 oppositus
981 1247 1053 1284 est
1090 1236 1287 1283 aoristus
1326 1233 1643 1281 effectivus
1681 1231 1760 1294 qui

237 1323 407 1370 indicat
443 1322 599 1380 finem,
641 1331 862 1368 eventum
900 1318 1110 1376 actionis,
1150 1334 1190 1364 e,
1215 1335 1264 1381 g.
1306 1316 1374 1362 IV
1419 1331 1530 1373 129,
1572 1329 1603 1373 4
1643 1311 1758 1363 κατὰ

240 1403 429 1473 α’τραπόν
455 1424 551 1453 τινα
576 1407 649 1452 τοῦ
676 1401 805 1468 λόφου
832 1399 1083 1467 πειρώμενῡς
1108 1401 1349 1465 προσβῆναι
1372 1425 1439 1430 ——
1461 1392 1539 1445 οὐκ
1559 1394 1757 1452 ἐδυνήθη

241 1482 563 1554 βιάσασθαι
597 1483 623 1530 i.
658 1499 699 1530 e.
740 1492 816 1543 „ut
847 1489 1172 1544 perrumperet
1200 1478 1241 1525 ei
1261 1494 1353 1524 non
1374 1474 1612 1540 contigit'’.
1637 1474 1760 1522 Cum

240 1565 614 1630 praepositiones
665 1560 760 1613 διά
800 1572 846 1609 et
892 1560 1036 1611 κατά
1079 1560 1123 1606 in
1162 1558 1318 1606 verbis
1357 1555 1628 1620 compositis
1665 1554 1759 1618 ple·

239 1664 437 1710 rumque
469 1645 727 1710 significent
760 1643 995 1691 actionem
1027 1641 1158 1688 verbi
1189 1656 1340 1703 usque
1365 1639 1427 1686 ad
1453 1638 1594 1685 finem
1622 1637 1761 1684 abso-

240 1729 401 1787 lutam,
459 1726 613 1775 aoristi
668 1726 834 1773 horum
890 1722 1261 1786 compositorum
1320 1719 1600 1784 plerumque
1655 1726 1764 1765 sunt

243 1809 456 1868 effectivi,
497 1825 538 1856 e.
561 1826 609 1872 g.
645 1807 700 1854 III
742 1823 757 1852 1
777 1822 792 1852 1
812 1822 853 1864 1,
877 1821 908 1865 4
941 1805 1139 1871 διέφυγον
1173 1805 1214 1863 ἐς
1246 1802 1322 1858 τὴν
1356 1799 1570 1869 Ἀγραίὸα
1612 1815 1761 1860 „con-

243 1893 476 1957 fugerunt,
515 1886 886 1952 perfugerunt’'3
927 1887 944 1932 Ι
985 1899 1096 1945 105,
1123 1901 1148 1945 3
1189 1881 1242 1934 τὰ
1284 1881 1324 1933 δ’
1365 1879 1482 1948 ἄκρα
1519 1891 1596 1941 τῆς
1634 1890 1763 1949 Γερα-

243 1978 356 2032 νείας
395 1970 664 2038 κατέλαβον
715 1964 1081 2030 „occuparunt''.
1106 1966 1139 2028 2)

316 2052 508 2101 Aoristo
542 2050 888 2098 constativo
921 2049 957 2095 is
990 2047 1069 2110 qui
1099 2046 1300 2109 loquitur
1331 2044 1659 2092 tantummodo
1691 2060 1764 2090 ac-

245 2135 419 2183 tionem
458 2149 563 2180 esse
595 2131 768 2178 factam
799 2129 984 2187 indicat,
1018 2137 1261 2175 momenta
1293 2125 1486 2173 actionis
1518 2123 1766 2188 singularia

247 2214 538 2264 audientibus
575 2229 667 2260 non
706 2210 894 2270 evolvit,
930 2209 1060 2273 quod
1091 2209 1128 2256 si
1159 2208 1314 2255 facere
1346 2205 1458 2265 vult,
1491 2205 1765 2268 imperfecto

299 2368 332 2411 1)
359 2367 471 2408 Quam
493 2376 613 2397 vocem
635 2374 843 2406 quamquam
868 2362 994 2394 Latino
1017 2370 1174 2393 sermone
1200 2362 1428 2401 repugnante,
1442 2361 1480 2389 ut
1493 2368 1596 2400 quam
1611 2356 1766 2398 proxime

249 2427 292 2459 ad
329 2425 493 2457 terminos
530 2422 760 2465 grammaticis
793 2420 896 2451 hodie
931 2419 1115 2451 familiares
1150 2417 1322 2458 accedam,
1357 2425 1521 2457 usurpare
1554 2414 1624 2446 fere
1651 2424 1766 2455 cogor.

250 2484 367 2516 Minus
397 2481 595 2513 abhorreret
622 2491 641 2511 a
662 2479 862 2520 Latinitate,
885 2477 1005 2519 fateor,
1029 2475 1196 2507 terminus
1221 2474 1388 2515 „aoristus
1411 2484 1429 2504 c
1444 2470 1778 2504 onstitutivus'‘

250 2542 323 2573 sive
344 2536 659 2571 nuntiativus‘'
682 2535 742 2579 (cf.
764 2536 860 2567 locus
884 2535 1063 2567 Gellianus
1087 2533 1147 2575 qui
1167 2532 1362 2564 laudabitur
1384 2530 1500 2572 infra),
1514 2530 1574 2562 sed
1588 2539 1708 2562 vereor
1723 2539 1766 2560 ne

252 2597 418 2640 ejusmodi
443 2606 544 2627 voces
570 2595 715 2626 lectores
744 2594 912 2635 quosdam
938 2593 974 2623 in
1001 2601 1148 2623 errorem
1174 2590 1337 2621 inducere
1365 2588 1511 2630 possint.

300 2655 336 2698 2)
363 2656 416 2686 De
443 2653 726 2696 praepositionum
748 2651 783 2682 vi
807 2651 994 2692 perfectiva
1018 2649 1085 2680 vid.
1110 2648 1245 2689 Herbig
1268 2647 1327 2678 l.1.
1352 2657 1385 2688 p.
1410 2653 1613 2687 222—-2343
1631 2645 1768 2685 Brugm.

253 2714 312 2746 Gr.
341 2712 423 2744 Gr.3
450 2711 466 2754 ξ
491 2718 575 2753 5423
602 2710 738 2741 Curtius
761 2708 892 2740 Erliiut.
915 2719 950 2750 p.
977 2707 1041 2748 176
1061 2707 1102 2749 f.3
1118 2706 1159 2737 E.
1175 2705 1298 2736 Purdie
1313 2704 1386 2735 The
1403 2703 1588 2745 perfective
1605 2702 1770 2733 Aktions-

254 2776 304 2804 art
336 2770 372 2802 in
405 2769 580 2811 Polybius,
613 2768 639 2799 Ι.
656 2767 694 2798 F.
729 2766 779 2797 IX
813 2765 937 2809 (1898)
966 2776 999 2807 p.
1034 2766 1217 2806 63—1533
1253 2763 1297 2795 H.
1325 2761 1467 2793 Meltzer
1498 2759 1770 2792 Vermeintliche

254 2827 552 2867 Perfektivierung
590 2824 696 2856 durch
734 2823 1006 2866 pr'zipositionale
1044 2823 1392 2862 Zusammensetzung
1426 2819 1472 2850 im
1508 2817 1771 2860 Griechisehen,

255 2887 281 2918 Ι.
297 2886 336 2917 F.
363 2884 428 2916 XII
455 2882 579 2926 (1901)
607 2893 640 2924 p.
669 2888 868 2923 319—372.
