2119 3342
854 188 911 233 81

129 331 262 400 ὥσπερ
297 327 661 399 παρεσκευάζοντο
701 326 1032 375 Athenienses
1071 342 1190 372 vere
1221 323 1448 387 proximo
1481 322 1643 368 adhuc

130 422 397 475 occupatos
435 411 582 458 fuisse
619 409 665 456 in
704 409 760 455 iis
798 407 1006 455 navibus
1044 405 1351 453 instruendis,

200 493 352 541 Verbi
402 489 661 543 ἅπτεσθαι
709 488 1048 551 imperfectum
1096 487 1377 548 ubicunque
1432 483 1641 531 occurrit

130 585 204 621 est
250 573 598 631 incohativum,
650 570 783 634 quod
831 586 891 616 ex
940 569 1045 631 ejus
1095 567 1232 613 verbi
1283 565 1642 627 significatione

129 655 270 704 facile
315 653 609 717 intelligitur.
663 651 782 699 Loci
833 659 944 697 sunt
994 649 1069 695 hi:
1119 648 1136 693 I
1189 650 1298 706 ΙΙ8,
1346 663 1367 692 2
1411 643 1641 713 -ἡσῦχαζέν

128 759 170 787 τε
236 738 282 787 τὸ
344 736 469 787 πλεόν
534 740 609 784 τοῦ
663 733 820 802 χρόνον
860 760 928 766 —
967 734 1060 798 πρὶν
1120 729 1175 785 δὴ
1233 732 1260 783 ἦ
1318 724 1507 794 δύναμις
1562 735 1644 775 τῶν

130 816 364 877 Ἀθηναίων
395 825 540 884 σαφῶς
572 814 726 883 ᾔρετο
756 815 830 864 καὶ
858 821 933 872 τῆς
956 814 1221 879 ξυμμαχίας
1242 807 1381 859 αὐτῶν
1411 806 1645 863 ἥπτοντο

130 900 159 948 i.
195 917 237 948 e.
298 899 486 956 „donec
534 895 911 944 Atheniensium
952 910 1074 956 opes
1114 901 1286 954 aperte
1324 908 1377 938 se
1417 887 1644 936 attollere

131 981 322 1045 ipsique
371 979 531 1027 socios
583 975 1094 1025 Lacedaemoniorum
1145 983 1377 1036 petere
1415 987 1646 1032 coepe-

131 1062 315 1110 runt’'
359 1062 477 1123 (quo
516 1059 627 1107 loco
660 1058 809 1106 etiam
838 1056 974 1119 impf.
1007 1055 1125 1122 ᾗρετο
1159 1053 1492 1101 incohativum
1526 1053 1644 1113 est),

132 1143 329 1206 reliquis
378 1141 497 1189 locis
549 1137 952 1203 „capessere”
994 1147 1216 1184 nostrum
1255 1135 1462 1183 verbum
1501 1132 1646 1195 signi-

133 1225 274 1273 ficat:
326 1224 363 1270 II
403 1225 447 1282 8,
496 1240 512 1270 1
572 1224 662 1286 (τοῦ
711 1220 946 1288 πολε’μου);
998 1219 1035 1265 Π
1093 1233 1168 1279 17,
1223 1233 1254 1277 4
1302 1217 1400 1279 (τῶν
1439 1215 1539 1282 πρὸς
1577 1214 1647 1263 τᾶν

132 1307 368 1375 πόλεμον),
440 1304 543 1350 VIII
611 1320 692 1364 92,
747 1318 778 1362 4
835 1302 933 1364 (τῶν
990 1297 1293 1368 πραγμάτων).
1352 1294 1647 1343 Indicativus

134 1389 300 1438 aoristi
339 1387 421 1451 qui
454 1385 633 1449 legitur
662 1384 680 1430 I
713 1397 794 1444 97,
830 1399 853 1429 2
890 1392 940 1429 et
971 1382 1008 1428 II
1041 1383 1123 1441 48,
1161 1397 1183 1427 2
1221 1389 1295 1426 est
1327 1376 1645 1425 constativus.

207 1470 380 1518 Itidem
430 1466 710 1514 incohativa
756 1474 868 1511 sunt
905 1462 1194 1525 imperfecta
1231 1459 1370 1507 verbi
1408 1456 1647 1525 ἔχεσθαι

135 1569 264 1616 quae
284 1550 515 1614 leguntur
535 1548 552 1594 Ι
574 1564 656 1608 49,
686 1560 710 1608 7
732 1545 822 1596 τότε
843 1545 898 1601 δὴ
922 1542 1045 1613 ἔργον
1067 1550 1151 1603 ποῖς
1180 1548 1346 1610 εἴχετο
1378 1539 1463 1598 ἤδη
1487 1537 1650 1586 etVlII

138 1638 218 1696 67,
249 1649 265 1680 Ι
293 1632 436 1698 οἱπερὶ
457 1630 527 1680 τὸν
549 1630 815 1694 Πείσανδρον
837 1625 1023 1685 ἐλθόντες
1044 1623 1163 1684 εὐθὺς
1188 1633 1270 1673 τῶν
1300 1627 1455 1672 λοιπῶν
1485 1627 1649 1688 εἴχον-

134 1734 210 1766 τοε
261 1724 473 1776 utroque
510 1710 621 1758 loco
659 1709 867 1757 verbum
906 1704 1130 1775 ἔχεσθαι
1170 1704 1300 1752 idem
1339 1702 1474 1750 valet
1513 1700 1649 1765 quod

137 1793 340 1848 ἅπτεσθαι
370 1835 388 1856 ,,
404 1808 727 1857 capessere
743 1790 787 1838 '‘.
812 1789 932 1853 (Sed
956 1789 1002 1834 V
1025 1804 1107 1848 49,
1134 1802 1157 1848 5
1183 1784 1336 1836 Ἠλεῖοι
1357 1784 1404 1835 δὲ
1423 1790 1496 1834 τοῦ
1517 1781 1652 1833 αὐτοῦ

137 1877 268 1945 λόγου
320 1882 553 1943 εἴχοντο
605 1873 681 1931 „in
723 1871 899 1919 eadem
939 1868 1182 1916 sententia
1223 1863 1647 1930 perseverabant'’

138 1958 273 2022 impf.
315 1974 414 2004 non
454 1966 529 2003 est
566 1953 798 2009 incohat.‚
839 1951 928 1999 sed
967 1948 1250 2012 simpliciter
1289 1947 1606 2008 durativum.)

210 2039 289 2086 Sic
346 2053 548 2101 quoque
603 2033 943 2098 imperfectum
998 2031 1134 2078 verbi
1186 2033 1318 2086 θεῖν,
1372 2028 1652 2090 ubicunque

140 2120 364 2177 occurrit,
405 2129 481 2166 est
517 2115 868 2174 incohativum,
904 2131 1014 2161 curn
1047 2112 1251 2159 actionis
1284 2109 1655 2158 continuatione

141 2200 283 2249 simul
316 2201 593 2264 ingressum
626 2196 831 2245 actionis
864 2194 1161 2258 significans.
1199 2192 1317 2239 Loci
1347 2202 1460 2238 sunt
1493 2190 1566 2237 hi:
1601 2189 1658 2235 ΠΙ

150 2300 261 2341 ΙΙΙ,
310 2299 365 2343 23
414 2281 478 2328 IV
533 2284 613 2341 67,
666 2295 726 2339 43
776 2293 885 2336 112,
936 2293 987 2336 Ι,
1028 2275 1073 2322 V
1122 2290 1196 2333 10,
1241 2278 1268 2321 6
1309 2273 1506 2336 (ubique
1545 2269 1655 2320 ἔθεον

146 2362 251 2432 [ἔθει]
286 2363 469 2432 δρόμῳ).
504 2360 790 2425 (Infinitivus
824 2374 1023 2422 quoque
1057 2355 1330 2419 praesentis
1364 2354 1447 2417 qui
1479 2352 1658 2416 legitur

143 2446 211 2493 VI
251 2461 361 2504 100,
405 2460 444 2503 1,
485 2448 567 2493 θεῖν
607 2441 771 2510 δρόμῳ,
810 2440 859 2487 vi
897 2438 1179 2486 incohativa
1219 2436 1471 2500 praeditus
1511 2435 1620 2496 est.)

216 2527 259 2574 E
293 2524 628 2588 compluribus
661 2520 899 2584 exemplis
932 2536 1062 2583 quae
1095 2536 1244 2581 supra
1277 2517 1476 2564 laudavi
1507 2532 1656 2579 appa-

147 2619 223 2656 ret
278 2623 430 2670 saepe
487 2622 598 2653 cum
656 2602 894 2651 adverbio
950 2599 1106 2660 εὐθύς
1158 2599 1498 2661 imperfectum
1549 2615 1660 2645 con-

142 2690 300 2755 jungi,
355 2688 489 2752 quod
539 2687 698 2750 primo
748 2685 921 2732 obtutu
970 2682 1145 2729 mirum
1184 2681 1338 2728 videri
1380 2689 1571 2742 potest,
1613 2679 1660 2726 in

149 2772 430 2819 universum
487 2768 617 2816 enim
674 2775 1024 2814 momentanea
1074 2763 1257 2810 aoristo
1306 2760 1659 2823 significantur.

151 2853 378 2916 Apparet
416 2861 585 2899 tamen
623 2848 884 2911 scriptores
924 2862 1092 2894 amare
1132 2842 1375 2908 ejusmodi
1416 2840 1664 2905 particulis

1538 2931 1558 2963 8
