2119 3342
1044 184 1138 230 118

541 330 571 391 ἓ
612 329 657 375 8.
699 327 787 374 De
825 324 1195 389 imperfecto
1234 322 1633 384 attentivo.¹)

402 442 521 489 Post
558 457 617 488 ea
656 456 786 503 quae
824 439 887 486 de
925 437 1019 485 hoc
1060 434 1334 499 imperfecti
1374 451 1464 481 usu
1504 433 1658 480 fusius
1697 447 1847 495 supra

330 521 780 571 demonstravimus
819 529 972 568 restat
1010 528 1063 566 ut
1102 534 1261 581 pauca
1292 532 1422 580 quae
1457 515 1591 578 apud
1624 524 1848 561 nostrum

328 606 472 669 hujus
527 621 643 651 usus
700 600 928 665 exempla
987 598 1372 663 deprehendisse
1425 597 1568 644 nobis
1621 595 1849 643 videmur

332 687 408 734 hic
445 685 661 733 breviter
698 694 980 732 tractemus

404 767 646 831 Imprimis
702 767 797 813 huc
853 764 1100 828 pertinent
1155 762 1186 809 ii
1241 760 1334 808 loci
1394 758 1573 824 quibus
1632 758 1696 806 de
1752 773 1851 804 una

334 850 615 911 eademque
650 865 703 895 re
740 846 965 911 ejusdem
1002 844 1141 892 verbi
1179 841 1524 906 imperfectum
1559 850 1609 888 et
1643 838 1854 887 aoristus

334 931 568 993 deinceps
622 938 940 992 usurpantur:

409 1011 453 1058 II
487 1027 569 1072 93,
609 1027 633 1058 2
665 1009 844 1073 legitur
881 1009 1061 1060 ἐδόκει
1099 1006 1145 1058 δὲ
1167 1005 1366 1075 λαβόντα
1385 1014 1467 1055 τῶν
1489 1012 1656 1055 ναυτῶν
1673 999 1854 1054 ἕκαστον

336 1093 413 1149 τὴν
443 1092 590 1150 κώπην
618 1095 693 1142 καὶ
722 1091 768 1141 τὲ
798 1090 1020 1159 ὑπηρέσιον
1041 1119 1108 1125 -
1130 1093 1308 1140 πλεῦσαι
1330 1084 1450 1147 εὐθὺς
1471 1087 1533 1136 ἐπὶ
1553 1085 1625 1135 τὸν
1646 1089 1829 1153 Πειραιᾶ
1843 1105 1854 1144 3

337 1184 442 1222 tum
482 1173 802 1238 paragrapho
841 1171 1067 1235 sequenti
1100 1168 1375 1233 explicatur
1406 1166 1584 1231 quibus
1613 1166 1762 1213 rebus
1791 1164 1859 1211 in-

339 1256 471 1304 ducti
493 1266 748 1319 praetores
788 1252 1173 1302 Lacedaemonii
1212 1251 1308 1298 hoc
1348 1247 1604 1297 consilium
1637 1246 1856 1305 inierint3

341 1338 520 1387 deinde
541 1339 571 1400 ἓ
592 1354 623 1398 4
644 1336 823 1400 legitur
842 1356 849 1384 :
873 1339 929 1396 ὡς
950 1334 996 1386 δὲ
1030 1333 1160 1395 ἔδοξ
1172 1353 1220 1383 εν
1255 1329 1414 1392 αὐτοῖς,
1436 1335 1511 1381 καὶ
1532 1329 1719 1398 ἐχώρουν
1740 1325 1861 1387 εὐθὺς

341 1425 466 1471 κτλ.;
507 1430 610 1467 tam
650 1418 783 1481 impf.
824 1417 960 1468 ἐδόκει
1000 1433 1151 1480 quam
1182 1431 1284 1462 aor.
1320 1411 1439 1474 ἔδοξε
1471 1412 1548 1459 hic
1582 1409 1862 1474 significant

343 1500 626 1564 simpliciter
677 1499 726 1546 id
766 1498 900 1562 quod
939 1508 1014 1546 est
1060 1495 1321 1560 „placuit’'‚
1363 1510 1493 1558 quae
1531 1492 1667 1540 notio
1705 1489 1861 1554 vulgo

346 1582 529 1630 aoristo
563 1580 848 1644 exprimitur
867 1580 930 1643 2);
965 1578 1053 1626 sed
1087 1576 1378 1640 imperfecto
1407 1576 1455 1638 (ἓ
1480 1575 1527 1638 2)
1548 1573 1740 1621 animus
1771 1570 1864 1619 lec-

347 1664 464 1712 toris
503 1662 773 1711 attenditur
811 1661 875 1709 ad
907 1661 1068 1724 ipsum
1102 1657 1357 1707 consilium
1391 1667 1442 1704 et
1473 1673 1559 1704 eas
1592 1671 1768 1702 causas
1799 1653 1865 1701 ob

348 1762 473 1810 quas
510 1755 710 1808 captum
749 1753 839 1801 est,
880 1752 984 1790 tum
1023 1743 1053 1804 ἓ
1093 1758 1124 1801 4
1162 1740 1312 1804 ipsius
1351 1736 1535 1786 consilii
1574 1734 1867 1784 memoratio

348 1825 621 1875 absolvitur
680 1825 863 1873 aoristo
920 1822 1056 1885 ἔδοξε,
1115 1832 1167 1870 ut
1225 1820 1440 1869 narratio
1493 1819 1600 1883 jam
1656 1833 1867 1881 pergere

349 1908 504 1972 possit
543 1908 605 1956 de
644 1906 749 1955 aliis
787 1907 950 1954 rebus.

422 1991 627 2038 Prorsus
677 1989 808 2036 idem
856 1986 990 2035 valet
1038 1986 1101 2034 de
1140 1984 1251 2033 loco
1290 1983 1406 2030 VIII
1455 2000 1495 2043 1,
1540 1998 1566 2044 3
1607 1999 1710 2045 sq.:
1751 1980 1869 2049 ὅμως

351 2072 398 2123 δὲ
437 2075 494 2132 ὦς
532 2073 579 2122 ἐκ
615 2080 697 2121 τῶν
736 2069 1018 2139 ὑπαρχόντων
1057 2067 1431 2119 ἐδόκει--.
1473 2067 1548 2115 καὶ
1587 2066 1644 2124 ὡς
1681 2060 1868 2124 ἔδοξεν

353 2151 511 2213 αὐτοῖς,
552 2156 626 2203 καὶ
665 2154 828 2203 ἐπῡίουν
867 2156 1007 2201 ταῦτα
1046 2154 1139 2200 κτλ.

426 2235 506 2282 De
533 2232 646 2281 loco
675 2233 795 2280 VIII
830 2235 909 2293 85,
950 2248 966 2278 1
1007 2231 1230 2282 α’πέπλει
1265 2226 1372 2276 coll.
1405 2229 1487 2290 §4
1520 2226 1870 2278 α’πέπλευσαν

349 2316 455 2380 jam
493 2330 642 2378 supra
679 2331 726 2376 p.
771 2329 835 2375 30
884 2312 1036 2360 fusius
1075 2311 1283 2375 egimus.

429 2396 533 2442 VIII
584 2411 665 2454 90,
714 2412 730 2442 Ι
774 2395 966 2464 πρέσβεις
1003 2415 1043 2443 τε
1083 2392 1421 2443 α’πέστελλον
1461 2393 1574 2448 κτλ,
1615 2387 1751 2451 quod
1789 2386 1872 2434 im-

359 2477 632 2541 perfectum
666 2493 753 2540 per
782 2493 835 2524 se
865 2475 1065 2538 quidem
1092 2471 1485 2536 exspectativum
1519 2469 1611 2517 dici
1633 2467 1790 2531 possit
1807 2468 1872 2531 3)3

357 2570 527 2607 tamen
566 2558 694 2605 hanc
733 2574 935 2621 quoque
975 2557 1039 2604 ob
1079 2572 1280 2603 causam
1321 2562 1544 2600 nostrum
1585 2549 1873 2613 imperfecto

413 2764 447 2806 1)
474 2763 527 2795 Cf.
554 2773 657 2804 supra
683 2773 717 2803 p.
746 2769 800 2802 30.
899 2758 935 2802 2)
961 2758 1003 2790 cf.
1030 2768 1134 2799 supra
1159 2756 1175 2799 ξ
1206 2765 1218 2787 1
1250 2767 1283 2798 p.
1310 2754 1366 2796 48.

413 2821 448 2864 3)
475 2821 562 2852 sicut
589 2819 685 2851 verbi
712 2819 895 2858 πέμπειν
922 2825 1062 2858 quoque
1087 2814 1129 2846 de
1155 2813 1279 2855 legatis
1306 2812 1418 2844 missis
1438 2809 1639 2853 imperfecta
1661 2807 1878 2850 expectativa

363 2880 526 2922 leguntur
553 2877 647 2909 hisee
674 2876 776 2908 locis:
806 2875 839 2907 II
868 2874 923 2917 81,
956 2882 991 2917 13
1020 2872 1086 2904 VII
1113 2871 1146 2915 8,
1175 2879 1212 2915 13
1239 2871 1324 2903 VIII
1351 2869 1408 2913 38,
1433 2878 1473 2912 43
1501 2877 1556 2910 39,
1583 2876 1615 2909 4.
