2119 3342
1073 185 1139 229 90

347 331 428 374 99,
459 329 475 359 1
504 316 560 372 ὡς
579 313 735 379 τροφήν
755 333 797 361 τε
825 309 1006 371 οὐδεὶς
1038 312 1222 361 ἐδίδου
1244 311 1360 373 κτλ.)
1381 309 1724 374 imperfectum
1744 325 1858 356 cum

347 393 614 457 negatione
658 393 974 457 conjunctum
1023 391 1269 455 significat
1324 391 1472 452 „dare
1510 389 1858 447 recusabant’',

349 475 526 538 quibus
580 474 726 538 igitur
782 473 902 521 loeis
952 473 1294 537 imperfectum
1345 473 1615 536 negatione
1665 472 1861 535 adjecta

349 556 530 603 indicat
582 556 908 604 vehementer
962 555 1254 619 rogantibus
1302 572 1402 602 non
1446 571 1556 602 esse
1605 554 1856 616 obtempe-

349 648 538 699 ratum3
579 637 636 685 cf.
678 637 802 684 infra
841 639 871 700 ἓ
911 653 957 697 9.

422 718 586 782 Saepe
618 719 926 782 participium
966 718 1241 782 praesentis
1279 718 1417 765 verbi
1455 716 1626 768 διδόναι
1665 715 1746 763 illa
1786 715 1865 762 of-

351 799 607 848 ferendi
645 799 1006 863 significatione
1043 800 1321 863 praeditum
1360 809 1451 858 est,
1491 797 1627 846 velut
1661 798 1680 844 I
1718 799 1799 858 85,
1843 813 1859 843 1

353 883 414 932 ἐπὶ
462 880 509 931 δὲ
554 881 625 931 τὸν
674 880 908 931 διδόντα
951 883 1036 944 (se.
1078 882 1226 944 δίκας)
1265 879 1312 931 οὐ
1350 880 1549 947 πρότερον
1587 878 1772 946 νόμιμον
1811 880 1867 937 ὡς

352 960 412 1012 ἐπ’
451 963 691 1013 ἀδικοῦντα
732 962 836 1012 ἰέναι
875 962 902 1009 i.
927 979 968 1010 e.
1017 962 1286 1020 „adversus
1318 979 1434 1009 eum
1467 961 1548 1024 qui
1581 970 1867 1024 promptum

351 1060 406 1090 se
445 1042 651 1106 praebet
689 1042 753 1090 ad
792 1059 895 1090 rem
937 1043 1128 1090 arbitris
1165 1042 1573 1090 committendam
1614 1040 1742 1089 etc.'‘

427 1123 704 1186 Compositi
748 1123 1034 1174 ἐνδιδόναι
1082 1124 1216 1187 impf.
1258 1124 1540 1172 conativum
1579 1123 1711 1171 hisce
1749 1121 1870 1170 locis

352 1204 557 1269 legitur:
600 1204 669 1251 IV
712 1208 791 1267 76,
836 1221 861 1266 3
903 1210 1171 1273 Χαιρωνειάν
1216 1205 1262 1256 δὲ
1301 1234 1368 1241 ——
1408 1202 1533 1256 ἄλλοι
1573 1206 1618 1266 ἐξ
1658 1202 1871 1272 Ὀρχομε-

353 1293 428 1337 νοῦ
460 1289 478 1337 ἐ
487 1308 508 1337 ν
521 1308 537 1336 ε
549 1289 577 1337 δ
588 1289 640 1337 ίδ
651 1309 671 1337 ο
683 1311 708 1337 σ
721 1308 750 1337 α
762 1307 783 1337 ν
824 1287 1241 1344 „Atheniensibus
1261 1287 1474 1351 prodere
1493 1285 1840 1350 temptabant'’
1859 1309 1870 1346 3

355 1367 573 1416 similiter
614 1368 685 1415 IV
727 1371 806 1428 89,
856 1385 874 1415 Ι
920 1372 976 1428 ὡς
1013 1378 1069 1437 τῷ
1108 1367 1371 1437 Ἱπποκράτει
1410 1372 1485 1419 καὶ
1515 1368 1772 1436 Δημοσθένει
1802 1396 1871 1402 —

355 1447 409 1500 τοὶ
462 1451 503 1500 έν
550 1456 637 1509 τοῖς
690 1456 883 1509 Βοιωτοῖς
932 1451 1220 1501 ἐνεδίδοτο
1272 1461 1322 1498 et
1373 1450 1420 1496 V
1461 1453 1541 1509 60,
1587 1466 1611 1497 2
1655 1452 1734 1500 καί
1766 1469 1874 1508 τινες

362 1528 505 1591 αὐτοῖς
543 1560 611 1565 -—
649 1532 977 1582 ἐνεδίδοσαν
1014 1528 1069 1582 τοὶ
1108 1530 1365 1601 πράγματα.

430 1612 707 1675 Compositi
756 1613 1088 1680 προδιδόναι
1140 1624 1265 1676 part.
1320 1630 1482 1676 praes.
1539 1613 1588 1660 vi
1645 1611 1874 1660 conativa

357 1693 636 1756 praeditum
685 1693 894 1741 occurrit
944 1694 1013 1741 IV
1060 1710 1171 1755 104,
1213 1711 1244 1755 4
1283 1698 1321 1745 οἱ
1357 1696 1536 1745 ἐναντίοι
1572 1701 1659 1754 τοῖς
1696 1695 1876 1762 προδι-

358 1777 517 1825 δοῦσι
574 1775 602 1822 i.
627 1791 668 1822 e.
736 1775 1033 1836 „adversarii
1083 1793 1255 1823 eorum
1303 1776 1386 1839 qui
1436 1776 1609 1823 urbem
1661 1775 1875 1838 prodere

359 1855 727 1916 conabantur‘'3
762 1855 829 1903 sic
859 1866 985 1919 part.
1021 1874 1181 1920 praes.
1217 1857 1402 1920 passivi
1432 1856 1611 1920 legitur
1642 1857 1710 1903 III
1742 1858 1817 1915 18,
1848 1872 1865 1903 1

362 1942 645 1996 Μυτιληναῖοι
668 1939 714 1987 δὲ
735 1967 803 1972 —
824 1939 891 1987 ἐπί
909 1940 1161 2006 Μήθυμναν
1194 1941 1251 1998 ὡς
1287 1960 1379 2007 προ
1392 1939 1691 2006 διδομένην
1731 1935 1875 2006 ἐστροῖ-

358 2039 510 2070 τευσαν
557 2019 585 2067 i.
618 2036 660 2066 e.
704 2019 926 2066 arbitrati
965 2020 1210 2082 quosdam
1249 2020 1296 2067 in
1337 2020 1458 2068 urbe
1499 2019 1658 2069 Meth.
1698 2019 1874 2067 urbem

359 2100 450 2147 sibi
488 2101 700 2163 prodere
738 2117 847 2148 esse
885 2111 1105 2164 paratos.

431 2181 584 2228 Verbi
617 2185 850 2232 κτᾶσθαι
883 2181 1075 2230 formae
1095 2183 1436 2245 praesenticae
1459 2181 1753 2247 plerumque
1772 2180 1874 2229 vim

362 2263 644 2310 conativam
683 2262 885 2322 habent,
927 2281 1037 2310 cum
1077 2264 1287 2312 aoristus
1325 2282 1523 2328 semper
1562 2264 1622 2312 sit
1651 2262 1877 2326 ingressi-

362 2361 476 2391 vus:
534 2344 627 2405 „ad
674 2353 821 2399 κτῆσιν
859 2344 1169 2407 pervenire”.
1210 2345 1517 2408 Significatio
1555 2345 1703 2410 igitur
1738 2343 1877 2392 verbi

363 2428 546 2475 κτᾶσθαι
595 2425 826 2473 conativa
878 2436 978 2473 est:
1039 2426 1132 2488 „ad
1170 2436 1318 2482 κτῆσιν
1358 2427 1619 2491 pervenire
1657 2424 1876 2482 conari’',

371 2506 656 2568 „acquirere
699 2505 917 2554 conari'’.

436 2588 784 2650 Imperfectum
837 2605 998 2651 neque
1037 2589 1174 2636 verbi
1212 2588 1441 2653 simplicis
1480 2606 1642 2654 neque
1680 2606 1879 2652 compo-

365 2668 570 2716 sitorum
603 2669 737 2732 apud
770 2680 992 2716 nostrum
1025 2671 1247 2718 occurrit.
1283 2671 1435 2718 Verbi
1473 2670 1705 2734 simplicis
1744 2670 1877 2718 infin.

366 2767 526 2813 praes.
567 2749 928 2814 significatione
967 2752 1199 2799 conativa
1237 2753 1470 2801 occurrit:
1522 2753 1541 2799 Ι
1587 2766 1666 2814 70,
1710 2755 1738 2799 8
1779 2751 1881 2802 οέπο-

367 2828 570 2882 λαύουσιν
618 2830 830 2899 ἐλάχιστα
877 2841 960 2882 τῶν
999 2832 1281 2901 ὑπαρχόντων
1321 2830 1395 2884 διὰ
1433 2834 1479 2883 τὸ
1519 2836 1597 2884 αἰεὶ
1636 2836 1880 2884 κτᾶσθαι
