2119 3342
1057 174 1121 218 86

405 317 422 364 I
488 330 597 377 105,
661 319 689 362 6
746 319 820 365 καὶ
875 316 914 364 οἱ
967 313 1046 381 μὲν
1104 311 1413 372 Ἀθηναῖοι-
1441 309 1707 363 ἀπελθόντων
1763 319 1847 362 τῶν

333 401 561 466 Κορινθίων
589 402 788 465 τροπαῖον
817 393 1000 454 ἔστησαν
1020 411 1029 419 ·
1061 398 1099 445 οἱ
1120 393 1166 445 δὲ
1189 397 1488 462 Κορίνθιοι-
1509 392 1847 444 α’νθίστασαν

331 484 528 546 τροπαῖον
585 482 660 528 καὶ
717 475 835 527 αὐτοὶ
892 480 948 536 ὡς
1006 477 1257 535 νικήσαντες
1312 480 1405 525 κτλ.
1465 474 1493 522 i.
1528 491 1571 522 e.
1631 484 1709 534 „et
1757 473 1850 536 ipsi

331 570 592 622 tropaeum
644 558 887 622 erigere
926 556 1373 613 conabantur'',
1414 572 1564 619 quam
1604 555 1850 602 actionem

334 658 432 688 non
472 657 581 688 esse
620 639 902 687 absolutam
941 648 1152 702 apparet
1191 655 1253 686 ex
1291 637 1347 685 iis
1388 654 1518 701 quae
1550 645 1849 699 sequuntur:

333 724 412 772 και1
455 724 493 772 οἱ
541 719 757 779 Ἀθηναῖοι
814 722 1157 789 ἐκβοηθήσαντες
1196 749 1264 754 —
1302 717 1399 779 τούς
1454 740 1496 768 τε
1550 718 1595 768 τὸ
1652 723 1850 786 τροπαῖον

334 800 593 862 ἱστοίντας
649 803 696 865 (i.
739 819 779 851 e.
839 802 1082 865 erigere
1134 810 1455 848 conantes:
1510 809 1635 863 part.
1688 815 1849 862 praes,

334 884 396 931 de
436 884 636 947 conatu)
669 885 952 951 διαφθείρουσι
990 886 1084 932 κτλ.

413 980 525 1025 134,
583 981 599 1012 1
655 968 845 1033 βεβαίως
894 962 941 1014 δὲ
991 963 1077 1022 ἤδη
1129 962 1285 1023 εἰδότες
1325 963 1412 1025 (Sc.
1453 964 1492 1012 οἱ
1529 959 1683 1030 ἔφοροι)
1721 963 1763 1011 ἐν
1799 969 1853 1028 τῇ

334 1047 450 1096 πέλει
496 1045 573 1101 τὴν
621 1042 896 1113 ξυλληψιν
948 1046 1228 1094 ἐποιοῦντο
1283 1044 1310 1092 i.
1346 1061 1389 1091 e.
1440 1043 1489 1090 id
1536 1043 1759 1106 agebant
1802 1051 1855 1089 ut

335 1126 671 1190 (Pausaniam)
721 1125 1229 1189 comprehenderent3
1284 1142 1414 1189 quae
1451 1124 1712 1172 conamina
1750 1134 1854 1171 tum

335 1208 467 1256 irrita
517 1208 735 1257 evasisse
785 1217 996 1271 apparet
1046 1224 1107 1254 ex
1154 1207 1210 1254 iis
1256 1224 1386 1271 quae
1424 1216 1696 1269 sequuntur
1735 1206 1784 1268 (ξ
1827 1221 1850 1252 2

336 1292 374 1340 οἱ
411 1289 458 1340 δὲ
494 1290 540 1340 τὸ
577 1293 825 1357 παραυτίκα
861 1288 939 1356 μὲν
978 1288 1216 1356 ὑστέρησαν
1255 1298 1308 1358 τῇ
1345 1287 1486 1348 διώξει
1525 1288 1657 1350 κτλ.).

410 1371 454 1418 ΙΙ
527 1388 606 1432 29,
678 1387 709 1431 4
773 1363 820 1420 οὗ
878 1369 933 1426 δὴ
994 1368 1098 1420 ’ὄντα
1151 1370 1223 1420 τὸν
1278 1367 1492 1427 Σιτάλκην
1549 1371 1588 1418 οἱ
1641 1365 1857 1426 Ἀθηναῖοι

338 1450 578 1521 ξύμμαχον
637 1456 918 1503 ἐποιοῦντο
973 1451 1002 1498 i.
1027 1468 1069 1498 e.
1128 1450 1185 1498 id
1241 1451 1511 1514 agebant
1568 1460 1620 1497 ut
1670 1449 1857 1496 socium

340 1536 686 1594 adsciscerent,
739 1533 920 1581 scilicet
971 1532 1338 1596 Nymphodoro
1378 1549 1405 1579 e
1444 1530 1659 1579 Thracia
1700 1547 1858 1578 arces—

338 1618 494 1666 sendo
547 1616 679 1679 (ibid.
732 1617 762 1678 ἓ
821 1617 892 1678 1);
943 1615 991 1662 in
1044 1615 1099 1661 iis
1151 1614 1353 1661 demum
1405 1630 1534 1677 quae
1585 1622 1859 1676 sequuntur

341 1701 389 1763 (ξ
443 1702 492 1761 5)
530 1698 822 1746 societatem
860 1713 913 1744 re
953 1713 1072 1744 vera
1111 1712 1221 1744 esse
1260 1705 1568 1744 contractam
1607 1694 1860 1742 nuntiatur

340 1780 550 1829 aoristo:
620 1784 643 1829 ὁ
708 1778 1005 1847 Νυμφόδωρος
1073 1782 1337 1846 ξυμμαχίαν
1395 1778 1627 1835 ἐποίησε.
1689 1776 1860 1837 Quare

340 1861 608 1911 rectissime
665 1860 896 1923 Steupius
953 1859 1110 1924 (cujus
1168 1875 1281 1906 ann.
1341 1858 1405 1906 ad
1460 1857 1490 1906 l.
1524 1856 1553 1906 1.
1613 1857 1860 1920 videatur)

341 1956 391 1993 et
448 1944 643 1991 Hudius
698 1942 1042 2006 imperfectum
1091 1943 1320 2001 ἐποιοῦντο,
1371 1940 1507 2003 quod
1555 1939 1664 1986 cod.
1719 1938 1759 1986 C
1811 1948 1861 1985 et

340 2044 401 2074 ex
439 2025 743 2073 correctione
784 2040 960 2071 manus
999 2023 1187 2086 primae
1221 2022 1329 2070 cod.
1368 2021 1415 2068 G
1447 2021 1698 2082 exhibent,
1730 2036 1859 2068 rece-

342 2118 519 2171 perunt
574 2116 747 2153 contra
804 2116 995 2153 ceteros
1051 2105 1262 2161 codiceS‚
1323 2104 1403 2168 qui
1454 2120 1556 2151 aor.
1610 2103 1861 2158 ἐποιήσαντο

343 2190 513 2252 (quem
554 2188 720 2235 Herw.
762 2187 965 2250 recepit)
1005 2187 1261 2249 praebent.

413 2268 619 2317 Paulum
676 2268 872 2315 diversa
928 2278 1003 2315 est
1053 2267 1347 2331 significatio
1399 2265 1674 2329 imperfecti
1725 2264 1861 2328 quod

343 2351 406 2398 de
445 2350 622 2398 eadem
661 2349 898 2396 societate
937 2358 1200 2411 usurpatur
1240 2348 1283 2395 ΙΙ
1325 2362 1407 2409 95,
1453 2364 1507 2394 2:
1548 2353 1633 2406 τοῖς
1671 2368 1711 2396 τε
1742 2343 1861 2404 Ἀθη-

343 2437 477 2492 ναιόις
536 2429 663 2490 αὐτὸς
719 2432 1008 2497 ὡμολογήκει,
1067 2430 1131 2480 ὅτε
1183 2429 1261 2486 τὴν
1310 2433 1578 2497 ξυμμαχίαν
1629 2429 1860 2478 ἐποιεῖτο

345 2514 391 2577 (i.
443 2530 484 2560 e.
560 2529 716 2573 „cum
783 2512 854 2558 de
920 2511 1235 2558 societate
1305 2509 1614 2574 agebat'’)‚
1670 2508 1742 2558 τὸν
1797 2510 1860 2559 ἐπὶ

346 2593 818 2663 Θρᾴκης-πόλεμον
859 2590 1146 2654 καταλύσεινς
1187 2592 1368 2640 eodem
1408 2591 1509 2639 fere
1540 2590 1690 2638 modo
1723 2590 1858 2653 impf.

345 2686 607 2739 usurpatur
676 2674 745 2721 IV
818 2688 927 2735 105,
992 2690 1014 2720 2
1076 2678 1150 2724 καὶ
1207 2673 1284 2730 τὴν
1342 2670 1630 2741 ξύμβασιν
1687 2674 1860 2739 μετρίαν

346 2760 570 2808 ἐποιεῖτο
608 2757 637 2804 i.
671 2774 712 2804 e.
755 2772 964 2819 pacem
1004 2755 1175 2817 aequis
1216 2754 1584 2801 condicionibus
1614 2750 1858 2810 obtulit,

347 2856 497 2902 quam
555 2855 730 2901 pacem
787 2837 969 2885 factam
1027 2854 1135 2884 esse
1192 2836 1385 2884 aoristis
1441 2833 1741 2899 significatur
1797 2834 1856 2896 (c.
