2119 3342
1080 214 1146 259 80

344 365 467 418 quot
517 371 693 402 manus
739 353 878 400 divisi
918 353 1091 400 urbem
1129 349 1502 399 circumvallare
1540 349 1861 414 coeperunt”.

417 436 484 482 VI
556 451 636 497 51,
710 451 735 496 3
807 434 947 491 ἐπειδὴ
1007 433 1224 501 α’φίκοντο,
1283 431 1762 494 κατεσκευάζοντο
1817 431 1865 481 τὸ

343 516 654 585 στρατόπεδονῑ
716 516 902 580 „primo
953 516 1172 564 adventu
1212 525 1375 562 castra
1413 514 1654 561 instruere
1692 529 1866 576 coepe-

344 597 487 645 runt’'
541 596 665 661 („sie
715 598 903 662 gingen
955 597 1127 656 daran,
1181 596 1271 643 das
1323 596 1489 659 Lager
1534 594 1865 642 einzurichten

345 678 473 728 etc.”
516 680 624 743 St.).

422 765 505 820 62,
547 777 563 807 1
602 757 712 828 μετὰ
746 759 793 811 δὲ
825 765 963 811 ταῦτα
995 762 1034 810 οἱ
1054 761 1188 810 λοιποὶ
1212 769 1294 809 τῶν
1316 756 1549 816 Ἀθηναίων
1571 760 1804 825 στρατηγοὶ
1826 757 1867 806 ἐν

344 851 397 909 τῇ
424 846 612 910 Σικελίᾳ,
636 839 715 892 δύο
735 842 844 910 μέρη
865 842 1118 900 ποιήσαντες
1137 846 1211 890 τοῦ
1230 836 1547 908 στρατεύματος
1562 868 1646 898 -,
1675 836 1866 888 ἔπλεον

349 920 565 991 ξῦμπαντι
597 925 659 974 ἐπὶ
690 928 956 983 Σελινοῦντος
977 926 1071 973 κτλ.
1095 922 1123 970 i.
1143 939 1184 969 e.
1217 921 1484 984 „navigare
1504 917 1867 975 instituerunt”,

348 1004 410 1051 de
440 1022 539 1067 qua
571 1004 894 1068 navigatione
919 1004 964 1050 in
986 1003 1042 1050 iis
1064 1020 1193 1067 quae
1213 1012 1486 1066 sequuntur
1505 1001 1657 1048 fusius
1679 1000 1867 1064 agitur3

345 1085 413 1132 sic
461 1102 614 1149 saepe
660 1084 1001 1149 imperfectum
1053 1084 1192 1131 verbi
1230 1089 1380 1134 πλεῖν
1420 1083 1628 1147 ejusque
1667 1097 1867 1144 compo-

346 1166 549 1214 sitorum
581 1176 859 1230 usurpatur,
881 1165 1020 1213 velut
1038 1166 1076 1212 II
1100 1180 1180 1227 25,
1207 1181 1232 1226 3
1255 1188 1264 1225 3
1287 1165 1373 1211 VII
1398 1168 1477 1224 26,
1509 1181 1525 1211 1
1551 1187 1561 1224 3
1586 1163 1689 1210 VIII
1714 1179 1794 1223 32,
1826 1178 1865 1209 1.

421 1252 502 1308 69,
561 1265 577 1295 1
632 1253 655 1298 ὁ
702 1248 781 1316 μὲν
822 1252 979 1307 Νικίας
1015 1253 1195 1298 τοιαῦτα
1233 1243 1663 1316 παρακελευσάμενος
1701 1246 1868 1312 ἐπῆγε

346 1330 392 1379 τὸ
430 1330 717 1397 στρατόπεδον
756 1326 876 1389 εὐθύς
921 1329 1115 1390 „statim
1155 1328 1297 1392 signa
1337 1326 1542 1375 movit''.

421 1411 486 1458 VI
538 1428 648 1472 104,
703 1428 726 1458 2
780 1414 854 1461 καὶ
901 1407 980 1470 τὰς
1025 1415 1130 1470 ναῦς
1177 1409 1273 1461 ἔσαι
1306 1408 1517 1467 ἐπόνησαν
1555 1408 1635 1458 ὑπὸ
1672 1413 1746 1459 τοῦ
1783 1429 1870 1476 χει-

347 1503 490 1560 μῶνος
530 1490 773 1552 α’νελκῦσας
813 1488 1176 1553 ἐπεσκεύαζεν
1224 1489 1455 1551 „reficere
1486 1488 1682 1552 coepit''
1714 1488 1869 1552 (quod

350 1591 476 1638 opus
522 1574 795 1638 perfectum
835 1583 1137 1621 memoratur
1176 1572 1261 1619 VII
1307 1589 1346 1631 1,
1397 1588 1413 1619 1
1460 1573 1541 1622 ἐπεὶ
1580 1568 1869 1622 ἐπεσκεύασαν

349 1653 427 1716 τὰς
464 1657 603 1719 ναῦς).

422 1737 508 1784 VII
558 1754 641 1799 43,
699 1751 722 1798 5
767 1734 892 1787 ἄλλοι
932 1735 979 1787 δὲ
1017 1735 1100 1786 α’πὲ
1137 1744 1213 1795 τῆς
1251 1734 1420 1803 πρώτης
1457 1734 1503 1784 τὸ
1542 1738 1870 1802 παρατείχισμα

349 1829 431 1869 τῶν
479 1823 750 1888 Συρακοσίων
798 1817 966 1886 ᾕρουν
1016 1839 1058 1867 τε
1105 1819 1183 1867 και1
1232 1813 1309 1876 τὰς
1362 1815 1555 1877 ἐπάλξεις
1604 1814 1872 1884 α’πέσυρον

360 1901 743 1962 „munimentum
800 1899 1110 1963 arripuerunt
1166 1899 1313 1961 (n0n:
1368 1907 1606 1961 ceperunt
1644 1918 1699 1934 =
1738 1895 1871 1960 εἷλον)

353 1993 402 2030 et
439 1980 816 2046 propugnacula
854 1979 1089 2029 divellere
1129 1990 1411 2043 coeperunt.

423 2064 528 2110 VIII
576 2081 615 2123 1,
665 2080 697 2124 4
748 2065 821 2113 καὶ
871 2065 928 2122 ὡς
979 2060 1122 2123 ἔδοξεν
1162 2059 1321 2121 αὐτοῖς,
1361 2064 1436 2110 καὶ
1475 2061 1692 2110 ἐποίουν
1731 2065 1872 2109 ταῦτα

353 2145 382 2193 i.
405 2162 447 2193 e.
495 2144 689 2205 „statim
728 2143 932 2206 exsequi
970 2161 1031 2191 ea
1070 2160 1200 2206 quae
1239 2141 1527 2205 placuerant
1566 2140 1868 2204 coeperunt'‘

353 2227 483 2290 (cum
536 2243 634 2289 quo
684 2224 794 2272 loco
846 2225 1174 2272 conferendus
1223 2234 1297 2271 est
1346 2222 1484 2271 loeus
1537 2239 1686 2286 quem
1725 2239 1874 2286 supra

354 2325 401 2370 p.
447 2309 508 2368 78
549 2306 749 2354 laudavi
787 2306 824 2352 II
864 2323 945 2367 93,
987 2307 1053 2369 4).

429 2403 510 2449 95‚
563 2404 595 2449 4
633 2391 690 2447 ὡς
727 2377 802 2437 οὖν
842 2388 1018 2446 ἐπέπλει,
1058 2384 1216 2446 εὐθὺς
1254 2387 1523 2453 ἐπλήρουν
1563 2389 1637 2435 καὶ
1676 2387 1715 2435 οἱ
1753 2381 1874 2443 Ἀθη-

355 2476 465 2520 ναῖοι
514 2466 592 2529 τὰς
630 2475 752 2529 ναῦς,
792 2468 973 2536 οἰόμενοι
1011 2472 1122 2535 σφίσι
1161 2464 1279 2535 παρὰ
1317 2473 1412 2526 ταῖς
1450 2471 1575 2517 ναυσὶ
1614 2463 1712 2525 τοὺς
1751 2487 1875 2534 στρα-

354 2549 508 2610 τιώτας
565 2549 671 2600 εἶναι
727 2550 755 2597 i.
797 2566 840 2597 θ.
900 2549 1066 2597 Statim
1123 2566 1279 2597 naves
1335 2547 1564 2595 militibus
1621 2546 1872 2609 complere

356 2641 672 2695 paraverunt,
714 2631 787 2678 eui
832 2630 1013 2678 actioni
1062 2630 1110 2676 id
1162 2647 1332 2677 morae
1383 2639 1489 2676 erat
1526 2628 1661 2691 quod
1699 2626 1874 2675 milites

358 2731 455 2761 non
501 2713 710 2760 aderant
755 2713 890 2775 apud
940 2729 1095 2759 naves
1146 2712 1204 2774 (οἱ
1253 2709 1294 2761 δ’
1343 2708 1494 2779 ἔτυχον
1540 2713 1679 2770 κτλ.);
1720 2709 1780 2756 cf.
1820 2709 1877 2755 III

367 2809 477 2856 115,
531 2811 562 2855 4
613 2799 686 2845 καὶ
734 2795 1002 2862 ἐπλήρουν
1050 2799 1157 2853 ναῦς
1193 2791 1515 2861 τεσσαράκοντα
1552 2793 1591 2841 οἱ
1630 2788 1876 2849 Ἀθηναῖοιε

365 2875 631 2936 „instruere
700 2873 1032 2938 coeperunt‘'3
1093 2884 1302 2937 apparet
1359 2890 1387 2920 e
1442 2872 1552 2920 loco
1609 2871 1677 2918 IV
1740 2887 1783 2929 2,
1849 2887 1872 2918 2
