<?xml version="1.0" encoding="UTF-8"?>
<!DOCTYPE html PUBLIC "-//W3C//DTD XHTML 1.0 Transitional//EN"
    "http://www.w3.org/TR/xhtml1/DTD/xhtml1-transitional.dtd">
<html xmlns="http://www.w3.org/1999/xhtml" xml:lang="en" lang="en">
 <head>
  <title>
</title>
<meta http-equiv="Content-Type" content="text/html;charset=utf-8" />
  <meta name='ocr-system' content='tesseract 3.04.00' />
  <meta name='ocr-capabilities' content='ocr_page ocr_carea ocr_par ocr_line ocrx_word'/>
</head>
<body>
  <div class='ocr_page' id='page_1' title='image "./deimperfectietao00hilluoft_0095.png"; bbox 0 0 2119 3342; ppageno 0'>
   <div class='ocr_carea' id='block_1_1' title="bbox 883 221 946 269">
    <p class='ocr_par' dir='ltr' id='par_1_1' title="bbox 883 221 946 269">
     <span class='ocr_line' id='line_1_1' title="bbox 883 221 946 269; baseline -0.032 0"><span class='ocrx_word' id='word_1_1' title='bbox 883 221 946 269; x_wconf 91' lang='lat'><strong>79</strong></span> 
     </span>
    </p>
   </div>
   <div class='ocr_carea' id='block_1_2' title="bbox 153 346 1676 2936">
    <p class='ocr_par' dir='ltr' id='par_1_2' title="bbox 159 346 1675 735">
     <span class='ocr_line' id='line_1_2' title="bbox 160 346 1670 413; baseline 0 -18"><span class='ocrx_word' id='word_1_2' title='bbox 160 346 304 395; x_wconf 88' lang='lat' dir='ltr'><strong>runt&#39;’</strong></span> <span class='ocrx_word' id='word_1_3' title='bbox 329 348 452 411; x_wconf 87' lang='lat' dir='ltr'><strong>(„sie</strong></span> <span class='ocrx_word' id='word_1_4' title='bbox 474 349 703 396; x_wconf 89' lang='lat' dir='ltr'><strong>machten</strong></span> <span class='ocrx_word' id='word_1_5' title='bbox 725 348 826 396; x_wconf 86' lang='lat' dir='ltr'><strong>sich</strong></span> <span class='ocrx_word' id='word_1_6' title='bbox 849 348 1019 405; x_wconf 90' lang='lat' dir='ltr'><strong>daran,</strong></span> <span class='ocrx_word' id='word_1_7' title='bbox 1043 349 1133 396; x_wconf 87' lang='lat' dir='ltr'><strong>das</strong></span> <span class='ocrx_word' id='word_1_8' title='bbox 1149 349 1289 396; x_wconf 91' lang='lat' dir='ltr'><strong>Thor</strong></span> <span class='ocrx_word' id='word_1_9' title='bbox 1309 367 1366 397; x_wconf 86' lang='lat' dir='ltr'><strong>zu</strong></span> <span class='ocrx_word' id='word_1_10' title='bbox 1387 348 1670 413; x_wconf 83' lang='lat' dir='ltr'><strong>sprengen’&#39;</strong></span> 
     </span>
     <span class='ocr_line' id='line_1_3' title="bbox 159 428 1671 494; baseline 0.001 -18"><span class='ocrx_word' id='word_1_11' title='bbox 159 428 277 492; x_wconf 82' lang='lat' dir='ltr'><strong>St.);</strong></span> <span class='ocrx_word' id='word_1_12' title='bbox 312 440 509 493; x_wconf 90' lang='lat' dir='ltr'><strong>portam</strong></span> <span class='ocrx_word' id='word_1_13' title='bbox 536 431 706 494; x_wconf 91' lang='lat' dir='ltr'><strong>jacere</strong></span> <span class='ocrx_word' id='word_1_14' title='bbox 735 429 1040 492; x_wconf 80' lang='lat' dir='ltr'><strong>significatur</strong></span> <span class='ocrx_word' id='word_1_15' title='bbox 1067 429 1323 493; x_wconf 90' lang='lat' dir='ltr'><strong>plqpfecto</strong></span> <span class='ocrx_word' id='word_1_16' title='bbox 1359 431 1418 493; x_wconf 91' lang='lat' dir='ltr'><strong>(c.</strong></span> <span class='ocrx_word' id='word_1_17' title='bbox 1451 447 1466 478; x_wconf 93' lang='lat'>1</span> <span class='ocrx_word' id='word_1_18' title='bbox 1487 447 1502 477; x_wconf 94' lang='lat'>1</span> <span class='ocrx_word' id='word_1_19' title='bbox 1522 447 1561 490; x_wconf 81' lang='grc' dir='ltr'><strong>Ι,</strong></span> <span class='ocrx_word' id='word_1_20' title='bbox 1599 432 1671 493; x_wconf 89' lang='lat'><strong>2):</strong></span> 
     </span>
     <span class='ocr_line' id='line_1_4' title="bbox 159 508 1673 579; baseline 0 -20"><span class='ocrx_word' id='word_1_21' title='bbox 159 513 216 570; x_wconf 86' lang='grc' dir='ltr'><strong>ὡς</strong></span> <span class='ocrx_word' id='word_1_22' title='bbox 236 508 379 571; x_wconf 74' lang='grc' dir='ltr'>αὐτοῖς</span> <span class='ocrx_word' id='word_1_23' title='bbox 400 509 427 566; x_wconf 70' lang='grc' dir='ltr'>ἥ</span> <span class='ocrx_word' id='word_1_24' title='bbox 463 532 505 561; x_wconf 91' lang='grc' dir='ltr'>τε</span> <span class='ocrx_word' id='word_1_25' title='bbox 536 512 661 570; x_wconf 81' lang='grc' dir='ltr'><em>πυλὶς</em></span> <span class='ocrx_word' id='word_1_26' title='bbox 693 512 923 579; x_wconf 65' lang='grc' dir='ltr'>διῄρητο</span> <span class='ocrx_word' id='word_1_27' title='bbox 955 515 1051 561; x_wconf 87' lang='grc' dir='ltr'>κτλ.</span> <span class='ocrx_word' id='word_1_28' title='bbox 1076 511 1203 557; x_wconf 88' lang='lat' dir='ltr'><strong>Cum</strong></span> <span class='ocrx_word' id='word_1_29' title='bbox 1225 522 1394 559; x_wconf 81' lang='lat' dir='ltr'><strong>nostro</strong></span> <span class='ocrx_word' id='word_1_30' title='bbox 1417 512 1539 574; x_wconf 87' lang='lat' dir='ltr'><strong>ipfto</strong></span> <span class='ocrx_word' id='word_1_31' title='bbox 1561 528 1673 559; x_wconf 87' lang='lat' dir='ltr'><strong>con-</strong></span> 
     </span>
     <span class='ocr_line' id='line_1_5' title="bbox 159 591 1675 663; baseline 0.001 -25"><span class='ocrx_word' id='word_1_32' title='bbox 159 591 416 639; x_wconf 90' lang='lat' dir='ltr'><strong>ferendum</strong></span> <span class='ocrx_word' id='word_1_33' title='bbox 467 602 541 639; x_wconf 81' lang='lat' dir='ltr'><strong>est</strong></span> <span class='ocrx_word' id='word_1_34' title='bbox 591 591 932 654; x_wconf 89' lang='lat' dir='ltr'><strong>imperfectum</strong></span> <span class='ocrx_word' id='word_1_35' title='bbox 985 595 1280 663; x_wconf 71' lang='grc' dir='ltr'><em>καθῃρεῖτο</em></span> <span class='ocrx_word' id='word_1_36' title='bbox 1320 593 1455 657; x_wconf 91' lang='lat' dir='ltr'><strong>quod</strong></span> <span class='ocrx_word' id='word_1_37' title='bbox 1494 592 1675 656; x_wconf 82' lang='lat' dir='ltr'><strong>legitur</strong></span> 
     </span>
     <span class='ocr_line' id='line_1_6' title="bbox 159 670 1232 735; baseline 0.003 -17"><span class='ocrx_word' id='word_1_38' title='bbox 159 670 269 719; x_wconf 95' lang='lat' dir='ltr'><strong>loco</strong></span> <span class='ocrx_word' id='word_1_39' title='bbox 307 689 456 735; x_wconf 87' lang='lat' dir='ltr'><strong>supra</strong></span> <span class='ocrx_word' id='word_1_40' title='bbox 496 673 561 735; x_wconf 91' lang='lat' dir='ltr'><strong>(p.</strong></span> <span class='ocrx_word' id='word_1_41' title='bbox 608 679 690 735; x_wconf 86' lang='lat'><strong>27)</strong></span> <span class='ocrx_word' id='word_1_42' title='bbox 729 671 932 719; x_wconf 88' lang='lat' dir='ltr'><strong>laudato</strong></span> <span class='ocrx_word' id='word_1_43' title='bbox 975 673 1021 719; x_wconf 93' lang='lat' dir='ltr'>V</span> <span class='ocrx_word' id='word_1_44' title='bbox 1064 688 1144 734; x_wconf 86' lang='lat'><strong>39,</strong></span> <span class='ocrx_word' id='word_1_45' title='bbox 1189 690 1232 734; x_wconf 80' lang='lat'><strong>3.</strong></span> 
     </span>
    </p>

    <p class='ocr_par' dir='ltr' id='par_1_3' title="bbox 156 751 1675 1055">
     <span class='ocr_line' id='line_1_7' title="bbox 238 751 1675 822; baseline 0.003 -22"><span class='ocrx_word' id='word_1_46' title='bbox 238 769 255 800; x_wconf 93' lang='lat'>1</span> <span class='ocrx_word' id='word_1_47' title='bbox 274 770 349 814; x_wconf 79' lang='lat'><strong>13,</strong></span> <span class='ocrx_word' id='word_1_48' title='bbox 410 770 426 800; x_wconf 95' lang='lat'>1</span> <span class='ocrx_word' id='word_1_49' title='bbox 485 756 524 803; x_wconf 88' lang='grc' dir='ltr'><strong>οἱ</strong></span> <span class='ocrx_word' id='word_1_50' title='bbox 574 752 619 803; x_wconf 78' lang='grc' dir='ltr'><strong>δὲ</strong></span> <span class='ocrx_word' id='word_1_51' title='bbox 671 752 926 821; x_wconf 68' lang='grc' dir='ltr'>πράσσοντες</span> <span class='ocrx_word' id='word_1_52' title='bbox 976 758 1051 804; x_wconf 87' lang='grc' dir='ltr'><strong>καὶ</strong></span> <span class='ocrx_word' id='word_1_53' title='bbox 1100 753 1160 814; x_wconf 78' lang='grc' dir='ltr'><strong>οἷς</strong></span> <span class='ocrx_word' id='word_1_54' title='bbox 1201 751 1338 805; x_wconf 71' lang='grc' dir='ltr'><strong>ταύτὰ</strong></span> <span class='ocrx_word' id='word_1_55' title='bbox 1376 754 1527 822; x_wconf 64' lang='grc' dir='ltr'>ἤρεσκε</span> <span class='ocrx_word' id='word_1_56' title='bbox 1564 752 1675 822; x_wconf 73' lang='grc' dir='ltr'>μετα</span> 
     </span>
     <span class='ocr_line' id='line_1_8' title="bbox 156 829 1675 900; baseline 0.001 -16"><span class='ocrx_word' id='word_1_57' title='bbox 156 844 239 884; x_wconf 77' lang='grc' dir='ltr'><strong>τῶν</strong></span> <span class='ocrx_word' id='word_1_58' title='bbox 277 834 529 885; x_wconf 78' lang='grc' dir='ltr'>ἐσελθόντων</span> <span class='ocrx_word' id='word_1_59' title='bbox 569 832 726 894; x_wconf 74' lang='grc' dir='ltr'>εὐθὺς</span> <span class='ocrx_word' id='word_1_60' title='bbox 765 829 792 890; x_wconf 67' lang='grc' dir='ltr'><strong><em>ἦ</em></strong></span> <span class='ocrx_word' id='word_1_61' title='bbox 804 856 902 886; x_wconf 87' lang='grc' dir='ltr'><strong>σαν</strong></span> <span class='ocrx_word' id='word_1_62' title='bbox 950 836 1143 893; x_wconf 86' lang='lat' dir='ltr'><strong>„statim</strong></span> <span class='ocrx_word' id='word_1_63' title='bbox 1182 836 1238 883; x_wconf 88' lang='lat' dir='ltr'><strong>iis</strong></span> <span class='ocrx_word' id='word_1_64' title='bbox 1277 837 1360 899; x_wconf 92' lang='lat' dir='ltr'><strong>qui</strong></span> <span class='ocrx_word' id='word_1_65' title='bbox 1399 837 1675 900; x_wconf 82' lang='lat' dir='ltr'><strong>irruperant</strong></span> 
     </span>
     <span class='ocr_line' id='line_1_9' title="bbox 157 915 1673 986; baseline 0.005 -24"><span class='ocrx_word' id='word_1_66' title='bbox 157 932 212 962; x_wconf 84' lang='lat' dir='ltr'><strong>se</strong></span> <span class='ocrx_word' id='word_1_67' title='bbox 251 915 639 979; x_wconf 82' lang='lat' dir='ltr'><strong>adjunxerunt’‘3</strong></span> <span class='ocrx_word' id='word_1_68' title='bbox 688 915 907 964; x_wconf 84' lang='lat' dir='ltr'><strong>similiter</strong></span> <span class='ocrx_word' id='word_1_69' title='bbox 945 917 1015 964; x_wconf 92' lang='lat' dir='ltr'><strong>VI</strong></span> <span class='ocrx_word' id='word_1_70' title='bbox 1059 920 1139 977; x_wconf 82' lang='lat'><strong>88,</strong></span> <span class='ocrx_word' id='word_1_71' title='bbox 1180 934 1212 979; x_wconf 91' lang='lat'>4</span> <span class='ocrx_word' id='word_1_72' title='bbox 1251 916 1407 978; x_wconf 78' lang='grc' dir='ltr'>εὐθὺς</span> <span class='ocrx_word' id='word_1_73' title='bbox 1443 916 1553 986; x_wconf 70' lang='grc' dir='ltr'>μετὰ</span> <span class='ocrx_word' id='word_1_74' title='bbox 1590 929 1673 969; x_wconf 82' lang='grc' dir='ltr'><strong>τῶν</strong></span> 
     </span>
     <span class='ocr_line' id='line_1_10' title="bbox 161 992 589 1055; baseline 0 -9"><span class='ocrx_word' id='word_1_75' title='bbox 161 994 396 1055; x_wconf 81' lang='grc' dir='ltr'>Ἀθηναίων</span> <span class='ocrx_word' id='word_1_76' title='bbox 436 992 589 1053; x_wconf 64' lang='grc' dir='ltr'>ἦσαν.</span> 
     </span>
    </p>

    <p class='ocr_par' dir='ltr' id='par_1_4' title="bbox 157 1077 1674 1302">
     <span class='ocr_line' id='line_1_11' title="bbox 230 1077 1673 1150; baseline 0.005 -25"><span class='ocrx_word' id='word_1_77' title='bbox 230 1077 276 1124; x_wconf 92' lang='lat' dir='ltr'>V</span> <span class='ocrx_word' id='word_1_78' title='bbox 329 1083 409 1139; x_wconf 87' lang='lat'><strong>64,</strong></span> <span class='ocrx_word' id='word_1_79' title='bbox 465 1093 489 1140; x_wconf 90' lang='lat'><strong>5</strong></span> <span class='ocrx_word' id='word_1_80' title='bbox 546 1084 619 1130; x_wconf 87' lang='grc' dir='ltr'><strong>καὶ</strong></span> <span class='ocrx_word' id='word_1_81' title='bbox 670 1078 1131 1147; x_wconf 68' lang='grc' dir='ltr'>στρατοπεδευσάμενοι</span> <span class='ocrx_word' id='word_1_82' title='bbox 1181 1081 1287 1148; x_wconf 65' lang='grc' dir='ltr'>πρὸς</span> <span class='ocrx_word' id='word_1_83' title='bbox 1335 1091 1391 1148; x_wconf 75' lang='grc' dir='ltr'><strong>τῷ</strong></span> <span class='ocrx_word' id='word_1_84' title='bbox 1437 1079 1673 1150; x_wconf 78' lang='grc' dir='ltr'>Ἡρακλείῳ</span> 
     </span>
     <span class='ocr_line' id='line_1_12' title="bbox 157 1159 1674 1227; baseline 0.002 -20"><span class='ocrx_word' id='word_1_85' title='bbox 157 1160 360 1227; x_wconf 69' lang='grc' dir='ltr'>ἐδῄουν</span> <span class='ocrx_word' id='word_1_86' title='bbox 410 1159 487 1216; x_wconf 67' lang='grc' dir='ltr'><strong>τὴν</strong></span> <span class='ocrx_word' id='word_1_87' title='bbox 536 1169 618 1227; x_wconf 71' lang='grc' dir='ltr'><strong>γῆν</strong></span> <span class='ocrx_word' id='word_1_88' title='bbox 680 1161 879 1218; x_wconf 82' lang='lat' dir='ltr'><strong>„castris</strong></span> <span class='ocrx_word' id='word_1_89' title='bbox 929 1161 1101 1224; x_wconf 84' lang='lat' dir='ltr'><strong>positis</strong></span> <span class='ocrx_word' id='word_1_90' title='bbox 1151 1162 1407 1225; x_wconf 79' lang='lat' dir='ltr'><strong>regionem</strong></span> <span class='ocrx_word' id='word_1_91' title='bbox 1449 1161 1674 1226; x_wconf 89' lang='lat' dir='ltr'><strong>populari</strong></span> 
     </span>
     <span class='ocr_line' id='line_1_13' title="bbox 161 1239 482 1302; baseline 0.006 -15"><span class='ocrx_word' id='word_1_92' title='bbox 161 1239 482 1302; x_wconf 88' lang='lat' dir='ltr'><strong>coeperunt&#39;&#39;.</strong></span> 
     </span>
    </p>

    <p class='ocr_par' dir='ltr' id='par_1_5' title="bbox 153 1321 1674 1467">
     <span class='ocr_line' id='line_1_14' title="bbox 230 1321 1674 1392; baseline 0.004 -25"><span class='ocrx_word' id='word_1_93' title='bbox 230 1321 310 1368; x_wconf 91' lang='lat' dir='ltr'><strong>De</strong></span> <span class='ocrx_word' id='word_1_94' title='bbox 359 1322 647 1385; x_wconf 90' lang='lat' dir='ltr'><strong>imperfecto</strong></span> <span class='ocrx_word' id='word_1_95' title='bbox 700 1324 977 1392; x_wconf 76' lang='grc' dir='ltr'>ἐξέτρεπεν</span> <span class='ocrx_word' id='word_1_96' title='bbox 1030 1325 1165 1387; x_wconf 88' lang='lat' dir='ltr'><strong>quod</strong></span> <span class='ocrx_word' id='word_1_97' title='bbox 1214 1323 1394 1388; x_wconf 85' lang='lat' dir='ltr'><strong>legitur</strong></span> <span class='ocrx_word' id='word_1_98' title='bbox 1433 1325 1478 1371; x_wconf 91' lang='lat' dir='ltr'>V</span> <span class='ocrx_word' id='word_1_99' title='bbox 1521 1330 1600 1387; x_wconf 76' lang='lat'><strong>65,</strong></span> <span class='ocrx_word' id='word_1_100' title='bbox 1643 1342 1674 1386; x_wconf 86' lang='lat'>4</span> 
     </span>
     <span class='ocr_line' id='line_1_15' title="bbox 153 1402 1068 1467; baseline 0.003 -18"><span class='ocrx_word' id='word_1_101' title='bbox 153 1402 259 1466; x_wconf 88' lang='lat' dir='ltr'><strong>jam</strong></span> <span class='ocrx_word' id='word_1_102' title='bbox 298 1420 446 1466; x_wconf 87' lang='lat' dir='ltr'><strong>supra</strong></span> <span class='ocrx_word' id='word_1_103' title='bbox 488 1404 554 1466; x_wconf 89' lang='lat' dir='ltr'><strong>(p.</strong></span> <span class='ocrx_word' id='word_1_104' title='bbox 600 1408 662 1450; x_wconf 86' lang='lat'><strong>26</strong></span> <span class='ocrx_word' id='word_1_105' title='bbox 702 1405 797 1467; x_wconf 85' lang='lat' dir='ltr'><strong>sq.)</strong></span> <span class='ocrx_word' id='word_1_106' title='bbox 842 1404 1068 1453; x_wconf 83' lang='lat' dir='ltr'><strong>diximus.</strong></span> 
     </span>
    </p>

    <p class='ocr_par' dir='ltr' id='par_1_6' title="bbox 158 1483 1676 2852">
     <span class='ocr_line' id='line_1_16' title="bbox 233 1483 1675 1555; baseline 0.003 -23"><span class='ocrx_word' id='word_1_107' title='bbox 233 1483 278 1529; x_wconf 91' lang='lat' dir='ltr'>V</span> <span class='ocrx_word' id='word_1_108' title='bbox 322 1498 400 1545; x_wconf 81' lang='lat'><strong>74,</strong></span> <span class='ocrx_word' id='word_1_109' title='bbox 446 1500 470 1530; x_wconf 90' lang='lat'>2</span> <span class='ocrx_word' id='word_1_110' title='bbox 517 1486 555 1534; x_wconf 89' lang='grc' dir='ltr'><strong>οἱ</strong></span> <span class='ocrx_word' id='word_1_111' title='bbox 592 1484 638 1535; x_wconf 75' lang='grc' dir='ltr'><strong>δὲ</strong></span> <span class='ocrx_word' id='word_1_112' title='bbox 676 1485 1020 1553; x_wconf 76' lang='grc' dir='ltr'>Λακεδαιμόνιοι</span> <span class='ocrx_word' id='word_1_113' title='bbox 1058 1486 1302 1554; x_wconf 76' lang='grc' dir='ltr'>προθέμενοι</span> <span class='ocrx_word' id='word_1_114' title='bbox 1339 1497 1422 1537; x_wconf 78' lang='grc' dir='ltr'><strong>τῶν</strong></span> <span class='ocrx_word' id='word_1_115' title='bbox 1461 1491 1675 1555; x_wconf 87' lang='grc' dir='ltr'>πολεμίων</span> 
     </span>
     <span class='ocr_line' id='line_1_17' title="bbox 159 1562 1674 1636; baseline 0.005 -22"><span class='ocrx_word' id='word_1_116' title='bbox 159 1575 315 1633; x_wconf 80' lang='grc' dir='ltr'>νεκρῶν</span> <span class='ocrx_word' id='word_1_117' title='bbox 349 1562 402 1614; x_wconf 68' lang='grc' dir='ltr'><strong>τὰ</strong></span> <span class='ocrx_word' id='word_1_118' title='bbox 437 1564 550 1615; x_wconf 70' lang='grc' dir='ltr'>ὅπλα</span> <span class='ocrx_word' id='word_1_119' title='bbox 578 1572 779 1633; x_wconf 89' lang='grc' dir='ltr'>τροπαῖον</span> <span class='ocrx_word' id='word_1_120' title='bbox 813 1564 969 1627; x_wconf 75' lang='grc' dir='ltr'>εὐθὺς</span> <span class='ocrx_word' id='word_1_121' title='bbox 1009 1573 1244 1618; x_wconf 83' lang='grc' dir='ltr'>ἵστασαν</span> <span class='ocrx_word' id='word_1_122' title='bbox 1278 1571 1352 1618; x_wconf 85' lang='grc' dir='ltr'><strong>καὶ</strong></span> <span class='ocrx_word' id='word_1_123' title='bbox 1384 1566 1482 1628; x_wconf 79' lang='grc' dir='ltr'>τοὺς</span> <span class='ocrx_word' id='word_1_124' title='bbox 1501 1567 1674 1636; x_wconf 81' lang='grc' dir='ltr'>νεκροὺς</span> 
     </span>
     <span class='ocr_line' id='line_1_18' title="bbox 160 1643 1676 1713; baseline 0.001 -17"><span class='ocrx_word' id='word_1_125' title='bbox 160 1643 471 1697; x_wconf 70' lang='grc' dir='ltr'>ἐσκύλευον</span> <span class='ocrx_word' id='word_1_126' title='bbox 501 1651 595 1696; x_wconf 86' lang='grc' dir='ltr'>κτλ.</span> <span class='ocrx_word' id='word_1_127' title='bbox 620 1647 704 1694; x_wconf 89' lang='lat' dir='ltr'><strong>i.e.</strong></span> <span class='ocrx_word' id='word_1_128' title='bbox 736 1647 929 1708; x_wconf 83' lang='lat' dir='ltr'><strong>„statim</strong></span> <span class='ocrx_word' id='word_1_129' title='bbox 962 1657 1306 1711; x_wconf 88' lang='lat' dir='ltr'><strong>tropaeum</strong></span> <span class='ocrx_word' id='word_1_130' title='bbox 1339 1650 1593 1713; x_wconf 82' lang='lat' dir='ltr'><strong>erigere</strong></span> <span class='ocrx_word' id='word_1_131' title='bbox 1626 1661 1676 1698; x_wconf 93' lang='lat' dir='ltr'><strong>et</strong></span> 
     </span>
     <span class='ocr_line' id='line_1_19' title="bbox 158 1726 1674 1794; baseline 0.006 -20"><span class='ocrx_word' id='word_1_132' title='bbox 158 1737 381 1775; x_wconf 89' lang='lat' dir='ltr'><strong>mortuos</strong></span> <span class='ocrx_word' id='word_1_133' title='bbox 413 1726 627 1791; x_wconf 87' lang='lat' dir='ltr'><strong>spoliare</strong></span> <span class='ocrx_word' id='word_1_134' title='bbox 661 1727 1139 1777; x_wconf 86' lang='lat' dir='ltr'><strong>instituerunt&#39;’:</strong></span> <span class='ocrx_word' id='word_1_135' title='bbox 1171 1731 1459 1794; x_wconf 88' lang='lat' dir='ltr'><strong>imperfecto</strong></span> <span class='ocrx_word' id='word_1_136' title='bbox 1493 1739 1674 1783; x_wconf 87' lang='grc' dir='ltr'>ἵστασαν</span> 
     </span>
     <span class='ocr_line' id='line_1_20' title="bbox 159 1806 1675 1874; baseline 0.004 -19"><span class='ocrx_word' id='word_1_137' title='bbox 159 1808 399 1856; x_wconf 88' lang='lat' dir='ltr'><strong>adverbio</strong></span> <span class='ocrx_word' id='word_1_138' title='bbox 421 1806 541 1868; x_wconf 76' lang='grc' dir='ltr'>εὐθύς</span> <span class='ocrx_word' id='word_1_139' title='bbox 563 1809 796 1873; x_wconf 89' lang='lat' dir='ltr'><strong>adjuncto</strong></span> <span class='ocrx_word' id='word_1_140' title='bbox 818 1810 1106 1858; x_wconf 86' lang='lat' dir='ltr'><strong>describitur</strong></span> <span class='ocrx_word' id='word_1_141' title='bbox 1127 1829 1226 1874; x_wconf 89' lang='lat' dir='ltr'><strong>qua</strong></span> <span class='ocrx_word' id='word_1_142' title='bbox 1247 1811 1501 1860; x_wconf 79' lang='lat' dir='ltr'><strong>alacritate</strong></span> <span class='ocrx_word' id='word_1_143' title='bbox 1523 1813 1675 1861; x_wconf 93' lang='lat' dir='ltr'><strong>Lace-</strong></span> 
     </span>
     <span class='ocr_line' id='line_1_21' title="bbox 158 1889 1674 1957; baseline 0.003 -21"><span class='ocrx_word' id='word_1_144' title='bbox 158 1889 406 1937; x_wconf 88' lang='lat' dir='ltr'><strong>daemonii</strong></span> <span class='ocrx_word' id='word_1_145' title='bbox 434 1889 649 1937; x_wconf 82' lang='lat' dir='ltr'><strong>victores</strong></span> <span class='ocrx_word' id='word_1_146' title='bbox 679 1891 844 1938; x_wconf 85' lang='lat' dir='ltr'><strong>statim</strong></span> <span class='ocrx_word' id='word_1_147' title='bbox 873 1891 1109 1940; x_wconf 88' lang='lat' dir='ltr'><strong>victoriae</strong></span> <span class='ocrx_word' id='word_1_148' title='bbox 1138 1893 1333 1956; x_wconf 86' lang='lat' dir='ltr'><strong>signum</strong></span> <span class='ocrx_word' id='word_1_149' title='bbox 1356 1911 1545 1957; x_wconf 89' lang='lat' dir='ltr'><strong>ponere</strong></span> <span class='ocrx_word' id='word_1_150' title='bbox 1565 1912 1674 1942; x_wconf 87' lang='lat' dir='ltr'><strong>coe-</strong></span> 
     </span>
     <span class='ocr_line' id='line_1_22' title="bbox 159 1971 1676 2038; baseline 0.003 -20"><span class='ocrx_word' id='word_1_151' title='bbox 159 1971 343 2034; x_wconf 81' lang='lat' dir='ltr'><strong>perint3</strong></span> <span class='ocrx_word' id='word_1_152' title='bbox 372 1971 561 2035; x_wconf 84' lang='lat' dir='ltr'><strong>imperf.</strong></span> <span class='ocrx_word' id='word_1_153' title='bbox 586 1972 733 2035; x_wconf 84' lang='lat' dir='ltr'><strong>igitur</strong></span> <span class='ocrx_word' id='word_1_154' title='bbox 754 1982 828 2020; x_wconf 85' lang='lat' dir='ltr'><strong>est</strong></span> <span class='ocrx_word' id='word_1_155' title='bbox 849 1973 1210 2034; x_wconf 80' lang='lat' dir='ltr'><strong>incohativum3</strong></span> <span class='ocrx_word' id='word_1_156' title='bbox 1234 1992 1388 2037; x_wconf 93' lang='lat' dir='ltr'><strong>quare</strong></span> <span class='ocrx_word' id='word_1_157' title='bbox 1408 1975 1676 2038; x_wconf 86' lang='lat' dir='ltr'><strong>quaesitior</strong></span> 
     </span>
     <span class='ocr_line' id='line_1_23' title="bbox 160 2052 1671 2119; baseline 0.003 -20"><span class='ocrx_word' id='word_1_158' title='bbox 160 2069 310 2115; x_wconf 90' lang='lat' dir='ltr'><strong>quam</strong></span> <span class='ocrx_word' id='word_1_159' title='bbox 332 2053 494 2100; x_wconf 90' lang='lat' dir='ltr'><strong>verior</strong></span> <span class='ocrx_word' id='word_1_160' title='bbox 515 2052 631 2100; x_wconf 89' lang='lat' dir='ltr'><strong>mihi</strong></span> <span class='ocrx_word' id='word_1_161' title='bbox 652 2053 846 2101; x_wconf 88' lang='lat' dir='ltr'><strong>videtur</strong></span> <span class='ocrx_word' id='word_1_162' title='bbox 867 2054 1206 2118; x_wconf 88' lang='lat' dir='ltr'><strong>interpretatio</strong></span> <span class='ocrx_word' id='word_1_163' title='bbox 1223 2053 1448 2103; x_wconf 84' lang='lat' dir='ltr'><strong>Classeni</strong></span> <span class='ocrx_word' id='word_1_164' title='bbox 1470 2056 1536 2119; x_wconf 86' lang='lat' dir='ltr'><strong>(in</strong></span> <span class='ocrx_word' id='word_1_165' title='bbox 1557 2073 1671 2104; x_wconf 91' lang='lat' dir='ltr'><strong>ann.</strong></span> 
     </span>
     <span class='ocr_line' id='line_1_24' title="bbox 160 2132 1675 2200; baseline 0.003 -20"><span class='ocrx_word' id='word_1_166' title='bbox 160 2133 223 2180; x_wconf 90' lang='lat' dir='ltr'><strong>ad</strong></span> <span class='ocrx_word' id='word_1_167' title='bbox 256 2132 359 2196; x_wconf 86' lang='lat' dir='ltr'><strong>l.l.)‚</strong></span> <span class='ocrx_word' id='word_1_168' title='bbox 395 2151 524 2196; x_wconf 92' lang='lat' dir='ltr'><strong>quae</strong></span> <span class='ocrx_word' id='word_1_169' title='bbox 556 2134 623 2181; x_wconf 85' lang='lat' dir='ltr'><strong>sic</strong></span> <span class='ocrx_word' id='word_1_170' title='bbox 658 2134 795 2182; x_wconf 88' lang='lat' dir='ltr'><strong>audit</strong></span> <span class='ocrx_word' id='word_1_171' title='bbox 834 2142 1045 2196; x_wconf 62' lang='lat' dir='ltr'><strong>„i‘fftocoow</strong></span> <span class='ocrx_word' id='word_1_172' title='bbox 1080 2136 1451 2199; x_wconf 87' lang='lat' dir='ltr'><strong>Imperfectum:</strong></span> <span class='ocrx_word' id='word_1_173' title='bbox 1487 2137 1675 2200; x_wconf 89' lang='lat' dir='ltr'><strong>perfect</strong></span> 
     </span>
     <span class='ocr_line' id='line_1_25' title="bbox 158 2214 1674 2284; baseline 0.004 -23"><span class='ocrx_word' id='word_1_174' title='bbox 158 2215 325 2262; x_wconf 89' lang='lat' dir='ltr'><strong>wurde</strong></span> <span class='ocrx_word' id='word_1_175' title='bbox 354 2215 433 2262; x_wconf 90' lang='lat' dir='ltr'><strong>die</strong></span> <span class='ocrx_word' id='word_1_176' title='bbox 461 2214 781 2278; x_wconf 82' lang='lat' dir='ltr'><strong>Aufstellung</strong></span> <span class='ocrx_word' id='word_1_177' title='bbox 795 2216 883 2263; x_wconf 86' lang='lat' dir='ltr'><strong>des</strong></span> <span class='ocrx_word' id='word_1_178' title='bbox 902 2223 1101 2284; x_wconf 81' lang='grc' dir='ltr'>τροπαῖον</span> <span class='ocrx_word' id='word_1_179' title='bbox 1123 2227 1222 2265; x_wconf 85' lang='lat' dir='ltr'><strong>erst</strong></span> <span class='ocrx_word' id='word_1_180' title='bbox 1244 2218 1394 2265; x_wconf 92' lang='lat' dir='ltr'><strong>durch</strong></span> <span class='ocrx_word' id='word_1_181' title='bbox 1416 2218 1494 2266; x_wconf 90' lang='lat' dir='ltr'><strong>die</strong></span> <span class='ocrx_word' id='word_1_182' title='bbox 1517 2218 1674 2267; x_wconf 87' lang='lat' dir='ltr'><strong>Aner-</strong></span> 
     </span>
     <span class='ocr_line' id='line_1_26' title="bbox 159 2296 1675 2359; baseline 0.004 -17"><span class='ocrx_word' id='word_1_183' title='bbox 159 2296 398 2359; x_wconf 85' lang='lat' dir='ltr'><strong>kennung</strong></span> <span class='ocrx_word' id='word_1_184' title='bbox 427 2296 514 2344; x_wconf 90' lang='lat' dir='ltr'><strong>der</strong></span> <span class='ocrx_word' id='word_1_185' title='bbox 545 2296 734 2345; x_wconf 87' lang='lat' dir='ltr'><strong>Feinde</strong></span> <span class='ocrx_word' id='word_1_186' title='bbox 764 2297 909 2345; x_wconf 88' lang='lat' dir='ltr'><strong>etc.”.</strong></span> <span class='ocrx_word' id='word_1_187' title='bbox 944 2298 1071 2345; x_wconf 90' lang='lat' dir='ltr'><strong>Cum</strong></span> <span class='ocrx_word' id='word_1_188' title='bbox 1102 2309 1271 2347; x_wconf 87' lang='lat' dir='ltr'><strong>nostro</strong></span> <span class='ocrx_word' id='word_1_189' title='bbox 1292 2299 1402 2347; x_wconf 91' lang='lat' dir='ltr'><strong>loco</strong></span> <span class='ocrx_word' id='word_1_190' title='bbox 1424 2299 1675 2348; x_wconf 90' lang='lat' dir='ltr'><strong>conferen-</strong></span> 
     </span>
     <span class='ocr_line' id='line_1_27' title="bbox 159 2377 1676 2442; baseline 0.007 -19"><span class='ocrx_word' id='word_1_191' title='bbox 159 2377 277 2424; x_wconf 89' lang='lat' dir='ltr'><strong>dum</strong></span> <span class='ocrx_word' id='word_1_192' title='bbox 305 2387 380 2424; x_wconf 89' lang='lat' dir='ltr'><strong>est</strong></span> <span class='ocrx_word' id='word_1_193' title='bbox 405 2377 453 2424; x_wconf 91' lang='lat' dir='ltr'><strong>id</strong></span> <span class='ocrx_word' id='word_1_194' title='bbox 483 2378 617 2441; x_wconf 92' lang='lat' dir='ltr'><strong>quod</strong></span> <span class='ocrx_word' id='word_1_195' title='bbox 645 2377 823 2442; x_wconf 85' lang='lat' dir='ltr'><strong>legitur</strong></span> <span class='ocrx_word' id='word_1_196' title='bbox 844 2379 913 2427; x_wconf 91' lang='lat' dir='ltr'><strong>VI</strong></span> <span class='ocrx_word' id='word_1_197' title='bbox 939 2393 1018 2441; x_wconf 84' lang='lat'><strong>70,</strong></span> <span class='ocrx_word' id='word_1_198' title='bbox 1046 2396 1070 2441; x_wconf 85' lang='lat'>3</span> <span class='ocrx_word' id='word_1_199' title='bbox 1095 2382 1520 2442; x_wconf 70' lang='grc' dir='ltr'>ἐπακολουθήσαντες</span> <span class='ocrx_word' id='word_1_200' title='bbox 1540 2381 1587 2432; x_wconf 80' lang='grc' dir='ltr'><strong>δὲ</strong></span> <span class='ocrx_word' id='word_1_201' title='bbox 1608 2412 1676 2419; x_wconf 79' lang='lat'><strong>--</strong></span> 
     </span>
     <span class='ocr_line' id='line_1_28' title="bbox 159 2456 1676 2530; baseline 0.003 -23"><span class='ocrx_word' id='word_1_202' title='bbox 159 2456 289 2508; x_wconf 71' lang='grc' dir='ltr'>πάλιν</span> <span class='ocrx_word' id='word_1_203' title='bbox 328 2457 713 2527; x_wconf 79' lang='grc' dir='ltr'>ἐπανεχώρουν</span> <span class='ocrx_word' id='word_1_204' title='bbox 746 2462 825 2510; x_wconf 79' lang='grc' dir='ltr'><strong>καιΙ</strong></span> <span class='ocrx_word' id='word_1_205' title='bbox 852 2467 1052 2530; x_wconf 84' lang='grc' dir='ltr'>τροπαῖον</span> <span class='ocrx_word' id='word_1_206' title='bbox 1092 2468 1353 2530; x_wconf 77' lang='grc' dir='ltr'>ἵστασαν,</span> <span class='ocrx_word' id='word_1_207' title='bbox 1386 2463 1467 2510; x_wconf 87' lang='lat' dir='ltr'><strong>ubi</strong></span> <span class='ocrx_word' id='word_1_208' title='bbox 1494 2473 1676 2512; x_wconf 89' lang='lat' dir='ltr'><strong>utrum-</strong></span> 
     </span>
     <span class='ocr_line' id='line_1_29' title="bbox 161 2538 1676 2608; baseline 0.005 -23"><span class='ocrx_word' id='word_1_209' title='bbox 161 2556 259 2602; x_wconf 91' lang='lat' dir='ltr'><strong>que</strong></span> <span class='ocrx_word' id='word_1_210' title='bbox 305 2538 646 2603; x_wconf 86' lang='lat' dir='ltr'><strong>imperfectum</strong></span> <span class='ocrx_word' id='word_1_211' title='bbox 695 2551 771 2588; x_wconf 87' lang='lat' dir='ltr'><strong>est</strong></span> <span class='ocrx_word' id='word_1_212' title='bbox 820 2541 1178 2590; x_wconf 87' lang='lat' dir='ltr'><strong>incohativum:</strong></span> <span class='ocrx_word' id='word_1_213' title='bbox 1238 2561 1319 2605; x_wconf 90' lang='lat' dir='ltr'><strong>„se</strong></span> <span class='ocrx_word' id='word_1_214' title='bbox 1369 2545 1588 2608; x_wconf 88' lang='lat' dir='ltr'><strong>recipere</strong></span> <span class='ocrx_word' id='word_1_215' title='bbox 1626 2557 1676 2593; x_wconf 93' lang='lat' dir='ltr'><strong>et</strong></span> 
     </span>
     <span class='ocr_line' id='line_1_30' title="bbox 160 2621 1674 2687; baseline 0.005 -21"><span class='ocrx_word' id='word_1_216' title='bbox 160 2630 422 2683; x_wconf 89' lang='lat' dir='ltr'><strong>tropaeum</strong></span> <span class='ocrx_word' id='word_1_217' title='bbox 454 2621 644 2684; x_wconf 84' lang='lat' dir='ltr'><strong>erigere</strong></span> <span class='ocrx_word' id='word_1_218' title='bbox 675 2621 1021 2670; x_wconf 78' lang='lat' dir='ltr'><strong>instituerunt&#39;’</strong></span> <span class='ocrx_word' id='word_1_219' title='bbox 1049 2625 1200 2687; x_wconf 88' lang='lat' dir='ltr'><strong>(recte</strong></span> <span class='ocrx_word' id='word_1_220' title='bbox 1223 2625 1295 2673; x_wconf 84' lang='lat' dir='ltr'><strong>St.</strong></span> <span class='ocrx_word' id='word_1_221' title='bbox 1327 2626 1426 2686; x_wconf 87' lang='lat' dir='ltr'><strong>„sie</strong></span> <span class='ocrx_word' id='word_1_222' title='bbox 1444 2627 1674 2674; x_wconf 88' lang='lat' dir='ltr'><strong>wandten</strong></span> 
     </span>
     <span class='ocr_line' id='line_1_31' title="bbox 160 2701 1676 2769; baseline 0.004 -20"><span class='ocrx_word' id='word_1_223' title='bbox 160 2701 263 2749; x_wconf 89' lang='lat' dir='ltr'><strong>sich</strong></span> <span class='ocrx_word' id='word_1_224' title='bbox 293 2719 376 2749; x_wconf 90' lang='lat' dir='ltr'><strong>zur</strong></span> <span class='ocrx_word' id='word_1_225' title='bbox 406 2702 706 2766; x_wconf 84' lang='lat' dir='ltr'><strong>Errichtung</strong></span> <span class='ocrx_word' id='word_1_226' title='bbox 735 2703 822 2750; x_wconf 87' lang='lat' dir='ltr'><strong>des</strong></span> <span class='ocrx_word' id='word_1_227' title='bbox 852 2704 1204 2769; x_wconf 73' lang='lat' dir='ltr'><strong>T1·opaums&#39;&#39;).</strong></span> <span class='ocrx_word' id='word_1_228' title='bbox 1247 2704 1408 2754; x_wconf 84' lang='lat' dir='ltr'><strong>Aliter</strong></span> <span class='ocrx_word' id='word_1_229' title='bbox 1440 2723 1494 2754; x_wconf 87' lang='lat' dir='ltr'><strong>se</strong></span> <span class='ocrx_word' id='word_1_230' title='bbox 1523 2707 1676 2755; x_wconf 89' lang='lat' dir='ltr'><strong>habet</strong></span> 
     </span>
     <span class='ocr_line' id='line_1_32' title="bbox 160 2782 1673 2852; baseline 0.006 -24"><span class='ocrx_word' id='word_1_231' title='bbox 160 2782 297 2847; x_wconf 86' lang='lat' dir='ltr'><strong>impf.</strong></span> <span class='ocrx_word' id='word_1_232' title='bbox 345 2782 690 2834; x_wconf 80' lang='grc' dir='ltr'>οἷνθίστασοιν</span> <span class='ocrx_word' id='word_1_233' title='bbox 728 2792 927 2852; x_wconf 82' lang='grc' dir='ltr'>τροπαῖον</span> <span class='ocrx_word' id='word_1_234' title='bbox 968 2787 985 2833; x_wconf 97' lang='grc' dir='ltr'>Ι</span> <span class='ocrx_word' id='word_1_235' title='bbox 1034 2801 1144 2847; x_wconf 82' lang='grc'>105,</span> <span class='ocrx_word' id='word_1_236' title='bbox 1188 2790 1217 2833; x_wconf 84' lang='grc'>6</span> <span class='ocrx_word' id='word_1_237' title='bbox 1257 2787 1334 2849; x_wconf 91' lang='lat' dir='ltr'><strong>(cf.</strong></span> <span class='ocrx_word' id='word_1_238' title='bbox 1376 2787 1499 2835; x_wconf 89' lang='lat' dir='ltr'><strong>infra</strong></span> <span class='ocrx_word' id='word_1_239' title='bbox 1537 2789 1567 2850; x_wconf 64' lang='grc' dir='ltr'>ἓ</span> <span class='ocrx_word' id='word_1_240' title='bbox 1609 2790 1673 2852; x_wconf 89' lang='grc'><strong>5).</strong></span> 
     </span>
    </p>

    <p class='ocr_par' dir='ltr' id='par_1_7' title="bbox 238 2865 1676 2936">
     <span class='ocr_line' id='line_1_33' title="bbox 238 2865 1676 2936; baseline 0.003 -22"><span class='ocrx_word' id='word_1_241' title='bbox 238 2877 317 2926; x_wconf 86' lang='grc'><strong>75,</strong></span> <span class='ocrx_word' id='word_1_242' title='bbox 354 2879 377 2925; x_wconf 90' lang='lat'><strong>5</strong></span> <span class='ocrx_word' id='word_1_243' title='bbox 413 2869 486 2915; x_wconf 86' lang='grc' dir='ltr'><strong>καὶ</strong></span> <span class='ocrx_word' id='word_1_244' title='bbox 510 2865 745 2933; x_wconf 69' lang='grc' dir='ltr'>διελόμενοι</span> <span class='ocrx_word' id='word_1_245' title='bbox 773 2865 851 2922; x_wconf 74' lang='grc' dir='ltr'><strong>τὴν</strong></span> <span class='ocrx_word' id='word_1_246' title='bbox 881 2867 1003 2918; x_wconf 76' lang='grc' dir='ltr'>πόλιν</span> <span class='ocrx_word' id='word_1_247' title='bbox 1035 2874 1456 2936; x_wconf 83' lang='grc' dir='ltr'>περιετείχιζον;</span> <span class='ocrx_word' id='word_1_248' title='bbox 1499 2869 1572 2931; x_wconf 90' lang='lat' dir='ltr'><strong>„in</strong></span> <span class='ocrx_word' id='word_1_249' title='bbox 1596 2870 1676 2918; x_wconf 90' lang='lat' dir='ltr'><strong>ali·</strong></span> 
     </span>
    </p>
   </div>
  </div>
 </body>
</html>
