2119 3342
959 179 988 221 9

284 307 465 355 Curtius
495 306 726 354 constituit
758 321 923 352 omnes
955 303 1131 350 formas
1162 320 1191 350 a
1222 301 1480 365 praesentiS
1513 300 1728 348 themate

211 389 445 437 derivatas
495 390 738 450 (praesens
787 386 925 450 igitur
963 395 1011 432 et
1049 384 1404 447 imperfectum),
1447 399 1564 446 quas
1601 393 1727 445 post-

212 471 304 518 hac
351 469 571 516 formas
617 467 1028 531 praesenticas
1070 464 1429 528 appellabimus»,
1470 463 1729 528 significare

220 552 337 613 „die
366 550 665 598 dauernde
694 546 1070 612 Handlung‘’3
1099 547 1273 594 formas
1303 563 1468 593 omnes
1487 546 1549 592 ab
1571 545 1728 602 aoritsti

213 633 424 681 themate
478 631 728 689 derivatas,
785 647 906 693 quas
955 628 1178 676 formas
1228 626 1550 674 aoristicas
1593 643 1730 673 voca-

213 714 381 771 bimus,
422 711 681 777 significare
727 711 846 772 „die
884 710 1261 758 eintretende
1299 707 1730 772 Handlung''¹);

214 812 379 843 omnes
415 810 530 840 vero
568 793 744 840 formas
782 810 810 839 a
847 792 1040 855 perfecti
1076 791 1287 838 themate
1327 790 1583 847 derivataS,
1617 805 1734 852 quas

214 877 430 924 formas
461 873 824 937 perfecticas
843 872 1199 930 nominabimus,
1222 871 1421 918 indicare
1451 870 1569 931 „die
1598 868 1733 917 voll-

215 957 428 1006 endete
475 953 838 1019 Handlung''.
892 954 1014 1001 Cum
1055 954 1115 1000 de
1153 952 1411 1016 perfecticis
1449 951 1608 999 formis
1641 967 1734 998 non

214 1039 296 1087 nisi
326 1038 477 1085 obiter
508 1036 650 1083 acturi
683 1036 840 1094 simUS‚
875 1036 945 1082 hic
977 1053 1170 1082 monere
1203 1034 1313 1082 satis
1347 1034 1580 1080 habemus
1614 1048 1735 1078 nunc

215 1122 333 1168 inter
369 1135 533 1166 omnes
571 1117 666 1165 fere
698 1128 914 1165 constare
951 1117 1222 1180 perfecto
1261 1114 1590 1180 significari
1628 1123 1735 1160 sta-

215 1212 332 1249 tum
369 1200 497 1247 sive
529 1199 929 1245 conditionem
962 1215 1110 1261 quae
1143 1198 1214 1244 ab
1248 1214 1316 1244 eo
1350 1196 1446 1259 qui
1476 1194 1736 1259 loquitur

216 1299 284 1330 eo
332 1280 617 1343 temporis
669 1290 971 1326 momento
1021 1296 1136 1342 quo
1186 1277 1452 1341 loquitur
1501 1286 1737 1323 exstare

217 1363 460 1428 fingitur
496 1372 554 1409 ut
591 1371 839 1408 eventus
878 1360 1128 1408 actionis
1154 1361 1271 1424 jam
1304 1375 1449 1405 nunc
1477 1367 1735 1420 praeter-

217 1446 359 1502 itae,
407 1442 534 1490 velut
571 1441 670 1492 11.ss
718 1456 809 1503 135
853 1444 990 1510 δοῦρα
1028 1442 1224 1499 σέσηπε
1262 1441 1288 1487 i.
1313 1457 1355 1487 e.
1396 1439 1557 1486 trabes
1594 1454 1738 1484 nunc

218 1536 377 1590 putres
413 1534 532 1582 sunt,
574 1524 651 1587 qui
687 1523 940 1586 putredinis
978 1533 1126 1570 status
1164 1539 1191 1569 e
1228 1520 1566 1585 putrefactione
1604 1535 1737 1582 prae-

217 1607 352 1655 terita
389 1615 524 1653 natus
560 1615 660 1665 est3
692 1605 839 1651 Thuo
872 1604 955 1650 VII
992 1620 1067 1662 12,
1111 1619 1127 1649 1
1167 1603 1481 1669 πεπόμφασι
1513 1600 1559 1650 δὲ
1592 1601 1665 1650 καὶ
1698 1601 1739 1659 ἐς

220 1687 543 1745 Πελοπόννησον
581 1687 774 1755 πρέσβεις
808 1683 867 1736 ἐπ’
906 1682 1047 1743 ἄλλην
1088 1682 1289 1754 στρατιάν
1329 1684 1353 1731 i.
1379 1700 1419 1730 e.
1458 1681 1740 1745 Syracusani

221 1787 280 1817 eo
328 1785 521 1832 quoque
567 1768 704 1815 nobis
750 1767 1015 1830 superiores
1064 1777 1170 1813 sunt
1218 1765 1348 1829 quod
1395 1781 1558 1811 eorum
1597 1761 1741 1827 legati

220 1867 374 1898 nunc
411 1848 788 1912 Peloponnesum
827 1859 1033 1912 petunt
1065 1848 1127 1895 ad
1164 1864 1314 1895 novos
1346 1845 1509 1893 milites
1540 1844 1740 1891 scriben-

222 1932 323 1979 dos.
361 1931 530 1991 Quod
562 1931 633 1977 ad
665 1930 953 1993 temporis
984 1929 1162 1994 igitur
1193 1928 1491 1976 notionem
1524 1925 1742 1973 attinet

223 2012 556 2077 perfectum
603 2011 754 2058 idem
798 2010 959 2058 valet
997 2027 1061 2057 ac
1098 2026 1408 2073 praesens,
1450 2007 1579 2072 quod
1615 2005 1740 2053 lucu-

223 2093 370 2142 lenter
396 2103 597 2156 apparet
629 2110 688 2139 ex
720 2092 770 2139 iis
803 2109 931 2155 quae
963 2091 1177 2156 leguntur
1202 2091 1263 2138 ib.
1293 2092 1322 2152 ξ
1352 2106 1403 2151 3:
1441 2095 1533 2140 νῦν
1567 2085 1674 2138 δἀἵ
1700 2108 1740 2136 τε

225 2184 321 2235 νῆες
351 2173 584 2243 διάβροχοι
618 2174 699 2237 (Sc.
732 2175 850 2237 εἰσίν)
882 2203 949 2208 -—
979 2178 1053 2223 καὶ
1083 2170 1137 2223 τα
1166 2171 1444 2239 πληρώματα
1470 2168 1741 2238 ἔφθαρται

225 2257 252 2304 i.
276 2274 317 2304 e.
348 2257 448 2320 jam
480 2272 646 2318 parum
678 2254 868 2302 militum
901 2255 1036 2302 nobis
1068 2271 1212 2301 nunc
1245 2263 1347 2300 est.
1381 2252 1559 2298 Contra
1587 2267 1626 2297 c.
1665 2265 1740 2310 13,

232 2355 276 2397 2,
325 2337 403 2385 ubi
448 2346 658 2383 narratur
704 2336 948 2398 quomodo
994 2335 1166 2383 factum
1213 2334 1291 2401 sit¹
1316 2344 1366 2380 ut
1410 2348 1588 2396 magna
1633 2347 1744 2394 pars

229 2418 420 2466 militurn
465 2427 681 2480 tempore
726 2417 978 2479 praeterito
1025 2416 1225 2479 perierit,
1269 2414 1442 2461 aoristo
1479 2412 1607 2460 locus
1644 2421 1740 2459 est:

167 2552 169 2555 ,
228 2498 282 2550 τα
321 2498 367 2549 δὲ
405 2497 677 2565 πληρώματα
716 2495 789 2548 διὰ
829 2497 925 2547 τάδε
964 2495 1182 2564 ἐφθάρη
1222 2501 1315 2546 κτλ.

301 2579 899 2642 Plusquampersecto
936 2578 973 2625 is
1009 2589 1158 2625 status
1197 2577 1275 2640 qui
1312 2576 1503 2640 perfecti
1532 2577 1746 2623 themate

284 2844 317 2888 1)
344 2844 421 2884 Qua
446 2853 529 2875 voce
553 2842 623 2884 jam
646 2842 840 2883 Kruegerus
862 2852 942 2873 usus
965 2846 1035 2873 erat
1057 2841 1094 2872 in
1117 2851 1175 2872 sua
1200 2839 1336 2872 Griech.
1360 2838 1515 2882 Sprachl.
1538 2838 1561 2871 f.
1585 2837 1744 2871 Schulen.
