2119 3342
1049 184 1109 217 10

322 312 596 377 designatur
640 321 857 375 tempore
902 312 1155 375 praeterito
1200 310 1410 375 ponitur3
1451 309 1506 357 cf.
1541 309 1586 356 V
1634 310 1710 367 16,
1758 323 1774 353 1
1802 307 1837 371 1)

322 394 462 450 ἐπειδὴ
513 393 559 444 δὲ
610 395 689 444 καί
734 397 760 449 ἡ
801 395 841 444 ἐν
881 391 1126 462 Ἀμφιπόλει
1165 390 1281 450 ἧσσα
1317 398 1405 453 τοῖς
1443 389 1692 450 Ἀθηναίοις
1729 390 1841 456 ε’·γε-

322 497 349 542 ‘y
364 475 518 533 ε’νητο
552 479 627 525 καὶ
661 476 855 530 §res-vri
871 497 949 526 κει
981 476 1127 526 Κλέων
1148 497 1188 525 τε
1210 476 1284 525 καὶ
1305 475 1523 541 Βρασίδας
1545 488 1672 535 quae
1691 470 1841 518 verba

324 557 387 604 sic
432 556 780 620 interpretanda
827 567 959 604 sunt:
1010 574 1118 604 cum
1165 567 1212 604 et
1257 555 1570 603 Athenienses
1611 569 1669 600 ea
1707 550 1841 599 clade

325 655 470 701 quam
531 639 660 701 apud
713 637 1019 701 Amphipolin
1075 647 1357 700 acceperant
1413 635 1739 683 afflictarentur
1794 641 1842 679 et

325 719 505 768 Cleone
554 720 845 783 Brasidaque
894 719 1086 766 mortuis
1133 718 1342 766 acerrimi
1385 716 1515 780 pacis
1552 715 1843 762 dissuasores

324 801 600 850 auctoritate
645 818 731 848 sua
771 802 872 865 jam
918 801 982 848 uti
1026 817 1120 847 non
1165 809 1360 863 possent
1405 808 1493 845 etc.
1537 796 1843 844 Enuntiatum

323 893 536 930 nostrum
567 899 660 930 non
691 882 814 930 facta
845 892 1079 929 memorat
1109 881 1195 929 sed
1225 891 1400 928 statum
1431 879 1602 926 indicat
1634 877 1713 940 qui
1736 886 1844 924 tunc

325 982 385 1012 ex
415 965 465 1011 iis
498 981 626 1028 quae
657 974 798 1011 antea
830 964 954 1011 facta
980 974 1112 1011 erant
1139 963 1374 1011 exstabat.
1406 960 1578 1021 Quod
1609 959 1681 1006 ad
1711 969 1844 1006 tem-

324 1046 485 1109 poris
518 1046 696 1110 igitur
727 1045 1028 1093 notionem
1059 1045 1276 1093 attinet
1301 1039 1844 1106 plusquamperfec-

324 1138 442 1174 tum
487 1127 640 1174 idem
687 1125 848 1174 valet
896 1126 1056 1189 quod
1100 1125 1533 1188 imperfectum,
1575 1139 1670 1185 quo
1708 1121 1759 1168 fit
1797 1130 1848 1168 ut

326 1225 474 1271 saepe
494 1209 628 1272 juxta
652 1207 870 1273 legantur
893 1197 1406 1271 plusquamperfectum
1432 1215 1479 1252 et
1503 1203 1844 1267 imperfectum,

328 1308 368 1338 e.
399 1308 447 1355 g.
483 1291 520 1336 Π
554 1291 631 1349 18,
667 1306 690 1336 2
724 1293 751 1345 ή
774 1286 860 1358 γὰρ
881 1290 1010 1348 Οἰνόη
1045 1291 1392 1356 ἐτετείχιστο
1426 1287 1500 1336 καὶ
1525 1283 1640 1355 αὐτῷ
1661 1287 1844 1352 φρσυρίῳ

329 1375 366 1423 οἱ
399 1370 622 1430 Ἀθηναῖοι
652 1373 890 1439 ἐχρῶντο
922 1371 948 1418 i.
974 1388 1014 1419 e.
1050 1370 1221 1418 Oenoe
1250 1368 1372 1416 enim
1403 1368 1514 1414 urbs
1535 1365 1709 1413 munita
1729 1374 1845 1423 erat,

328 1453 372 1500 in
419 1469 515 1515 qua
556 1452 873 1500 Athenienses
909 1451 1142 1515 praesidia
1179 1449 1476 1498 collocabant
1513 1458 1600 1495 etc.
1642 1445 1848 1493 Omnino

331 1534 594 1582 cavendum
638 1544 710 1581 est
752 1551 811 1581 ne
853 1533 1091 1581 Graecum
1127 1531 1507 1596 plusqupfectum
1544 1527 1850 1576 confundatur

330 1633 436 1664 cum
474 1614 803 1679 plusqupfecto
841 1615 1024 1674 Latino,
1066 1614 1209 1677 quod,
1251 1623 1485 1676 quatenus
1521 1626 1702 1658 meram
1733 1607 1848 1656 rela-

331 1698 506 1745 tionem
538 1696 865 1760 temporalem,
901 1713 1027 1759 quae
1054 1696 1170 1743 inter
1195 1695 1315 1742 duas
1341 1693 1548 1741 actiones
1575 1690 1851 1755 praeteritas

331 1778 585 1838 intercedit,
618 1778 859 1843 significat,
896 1777 1082 1825 Graece
1113 1777 1211 1823 sive
1242 1775 1416 1823 aoristo
1447 1774 1546 1822 sive
1576 1771 1850 1836 imperfecto

333 1860 625 1924 exprimitur3
665 1860 725 1907 de
763 1876 859 1922 qua
895 1876 946 1907 re
983 1859 1097 1906 infra
1134 1857 1355 1921 pluribus,

404 1943 454 1989 In
499 1943 592 1989 hoc
637 1942 772 2006 igitur
816 1940 971 1989 libello
1010 1941 1070 1988 de
1107 1940 1265 1988 formis
1301 1937 1562 2002 perfecticis
1598 1936 1852 1983 verborum

335 2041 428 2071 non
483 2041 629 2089 agam
678 2023 760 2070 nisi
807 2023 887 2071 ubi
934 2022 1042 2070 utile
1092 2021 1321 2069 videbitur
1370 2020 1693 2067 demonstrare
1743 2016 1854 2080 quid

335 2105 508 2153 intersit
551 2105 668 2152 inter
715 2105 889 2151 formas
934 2103 1254 2167 praesenticas
1297 2112 1345 2149 et
1382 2100 1621 2148 aoristicas
1658 2098 1721 2146 ab
1760 2114 1854 2145 una

335 2197 472 2250 parte
508 2196 556 2233 et
594 2186 768 2232 formas
805 2184 1083 2248 perfecticas
1120 2185 1183 2231 ab
1221 2182 1369 2230 altera
1405 2191 1554 2245 parte.

411 2267 604 2314 Genera
651 2266 841 2314 actionis
893 2282 1018 2329 quae
1061 2265 1271 2312 themate
1318 2262 1577 2326 praesentis
1615 2271 1662 2309 et
1699 2260 1855 2308 aoristi

337 2348 593 2396 indicantur
624 2348 670 2394 in
703 2347 973 2395 universum
1003 2356 1132 2393 recte
1164 2345 1363 2392 distinxit
1402 2343 1586 2390 Curtius
1623 2352 1671 2390 et
1703 2358 1733 2388 a
1757 2340 1855 2404 ple-

337 2430 493 2493 risque
513 2430 617 2477 viris
637 2429 786 2477 doctis
806 2429 884 2492 qui
904 2438 1015 2491 post
1034 2415 1435 2489 eumtemporum
1449 2441 1583 2472 usum
1598 2433 1853 2472 tractarunt

340 2512 543 2560 definitio
565 2528 710 2574 quam
731 2510 974 2573 proposuit
994 2510 1264 2572 approbata
1284 2519 1370 2555 est.
1388 2507 1576 2554 Tamen
1592 2504 1856 2553 cavendum

344 2605 418 2642 est
436 2610 495 2640 ne
517 2592 641 2640 male
660 2591 971 2656 intelligantur
990 2608 1134 2638 voces
1164 2588 1431 2651 „dauernd”
1450 2598 1498 2636 et
1519 2585 1855 2648 „eintretend’'.

394 2806 427 2849 1)
453 2806 538 2837 Loci
583 2817 602 2836 a
648 2816 702 2837 me
747 2804 877 2837 laudati
923 2803 1071 2835 auctoris
1118 2802 1259 2833 nomine
1307 2811 1377 2832 non
1425 2799 1543 2832 addito
1590 2808 1607 2830 e
1652 2796 1856 2839 Thucydide

344 2863 542 2906 deprompti
570 2868 658 2896 sunt.
