2134 3378
292 943 467 991 Studiis
520 941 791 989 academicis
826 939 986 1003 finem
1043 939 1352 1002 impositurus
1403 936 1769 1000 Professoribus

185 1036 378 1084 Seliolae
444 1032 911 1092 Amstelodamensis‚
994 1032 1126 1078 Viris
1195 1031 1240 1078 C
1236 1030 1507 1088 larissimis,
1565 1045 1774 1092 quorum

184 1126 444 1174 lectionibus
491 1131 589 1172 tam
627 1125 830 1187 publicis
877 1141 1023 1186 quam
1062 1123 1279 1185 privatis
1306 1129 1405 1184 per
1440 1126 1504 1168 tot
1537 1138 1686 1167 annos
1724 1125 1778 1166 ut

185 1218 453 1266 interessem
487 1217 612 1263 milii
634 1216 831 1279 contigit,
863 1215 936 1262 liic
951 1215 1139 1278 publice
1148 1214 1348 1278 gratias
1366 1230 1512 1275 quam
1532 1212 1775 1259 maximas

186 1326 274 1373 ago
325 1314 424 1356 tam
462 1315 562 1371 pro
609 1307 866 1354 eruditione
914 1324 1008 1368 qua
1058 1323 1129 1353 me
1174 1306 1446 1352 imbuerunt
1486 1321 1634 1367 quam
1677 1310 1775 1366 pro

186 1400 408 1464 beneficiis
456 1399 702 1446 identidem
751 1399 802 1445 in
851 1414 921 1444 me
957 1397 1143 1444 collatis.
1186 1396 1272 1442 Ex
1308 1412 1515 1458 quorum
1552 1395 1773 1441 virorum

186 1491 354 1539 ordine
374 1492 486 1554 jam
518 1496 664 1537 morte
695 1490 908 1552 abreptos
928 1489 1025 1550 pia
1054 1487 1282 1534 memoria
1310 1487 1456 1534 recolo
1484 1486 1775 1533 CORNELHJM

188 1583 414 1629 BELLAAR
434 1582 638 1640 SPRUYT,
660 1581 902 1627 MARINUM
922 1580 1225 1626 ANTHONIUM
1245 1594 1341 1625 VAN
1360 1578 1558 1638 MELLE3
1580 1595 1610 1624 a
1642 1576 1776 1624 Vobis

185 1679 352 1732 autem,
399 1673 677 1720 Clarissimi
709 1672 962 1730 VALETON,
1002 1670 1249 1728 KARSTEN‚
1289 1669 1388 1727 S1x,
1424 1669 1535 1715 VAN
1564 1683 1661 1714 DEN
1690 1667 1772 1726 Es,

173 1770 282 1827 peto
336 1769 389 1811 ut
433 1781 536 1810 eam
585 1763 936 1810 benevolentiam
982 1779 1128 1825 quam
1166 1768 1265 1823 per
1315 1766 1459 1807 totum
1506 1760 1775 1807 studiorum

183 1862 363 1919 tempus
407 1873 524 1919 erga
574 1872 645 1902 me
683 1854 989 1917 praestitistis
1034 1854 1084 1900 in
1111 1857 1360 1915 posterum
1398 1868 1578 1914 quoque
1615 1851 1666 1897 in
1702 1867 1774 1897 me

183 1948 400 2011 conferre
447 1947 606 1994 velitis.
668 1946 776 1992 Tibi
812 1962 1005 2008 quoque,
1052 1944 1097 1990 C
1093 1944 1334 1990 larissime
1374 1944 1453 1990 DE
1492 1943 1640 2000 BOER,
1675 1949 1775 2005 pro

183 2040 389 2087 comitate
442 2055 588 2102 quam
643 2045 798 2100 nuper
852 2037 978 2084 milii
1026 2035 1271 2083 ostendisti
1305 2040 1513 2099 gratum
1562 2033 1775 2098 testificor

184 2131 417 2178 animum.

298 2223 371 2269 Tu
401 2221 655 2284 imprimis,
696 2219 741 2266 C
736 2219 974 2266 larissime
1006 2218 1212 2276 KUIPER‚
1247 2217 1633 2264 aestumatissime
1656 2223 1773 2278 pro-

183 2320 350 2372 motor,
389 2313 608 2360 laudibus
635 2312 949 2375 gratibusque
985 2309 1108 2356 milii
1130 2309 1428 2356 venerandus
1458 2325 1520 2366 es,
1548 2308 1774 2370 primum

173 2411 378 2470 propter
403 2403 869 2468 praestantissimam
908 2401 1239 2449 institutionem
1284 2401 1453 2457 Tuam,
1489 2416 1586 2462 qua
1619 2399 1699 2445 cui
1723 2403 1779 2444 ut

171 2498 435 2562 frueretur
465 2495 623 2558 obtigit
651 2495 692 2541 is
724 2511 818 2540 non
839 2498 992 2556 potest
1012 2510 1105 2539 non
1129 2508 1298 2539 amare
1322 2491 1505 2538 litteras
1548 2489 1774 2548 Graecas,

184 2588 348 2636 deinde
375 2592 638 2650 propterea
677 2584 809 2647 quod
848 2584 910 2630 Te
936 2583 1241 2645 potissimum
1278 2581 1582 2629 adliortatore
1618 2580 1776 2627 studia

172 2679 476 2743 plii‘lologi'ea‚
528 2677 695 2740 quibus
744 2693 839 2722 non
887 2675 988 2722 nisi
1033 2675 1283 2722 aceessorie
1337 2680 1533 2736 operam
1570 2671 1776 2718 daturus

183 2789 332 2829 eram,
389 2770 460 2817 ad
490 2769 648 2834 finem
686 2767 920 2831 perduxi,
972 2772 1071 2814 tum
1117 2766 1255 2813 etiam
1305 2764 1434 2828 quod
1478 2780 1548 2810 me
1597 2763 1648 2809 in
1695 2761 1777 2808 lioc

179 2862 324 2910 libello
378 2859 649 2924 conficiendo
705 2863 979 2920 occupatum
1034 2857 1236 2922 egregiis
1291 2855 1492 2903 consiliis
1543 2853 1777 2917 adjuvare
