2119 3342
896 198 987 245 115

189 325 431 389 tangitur3
483 326 698 374 breviter
747 325 876 373 enim
928 324 1005 373 hic
1056 335 1345 373 enarrantur
1385 341 1445 372 ea
1485 339 1615 387 quae
1654 322 1700 370 in

189 406 295 469 ipsa
354 405 565 454 Graecia
618 416 762 470 gesta
819 416 931 453 sunt
987 423 1074 469 per
1130 416 1327 469 tempus
1377 403 1704 468 expeditionis

190 486 466 535 Siciliensis.
508 488 770 535 Praeterea
802 487 918 534 mihi
951 504 978 534 e
1010 487 1256 535 Vaticano
1289 486 1460 534 codice
1492 485 1704 533 aoristus

190 570 466 620 ἐπέπλευσαν
497 569 805 631 recipiendus
834 567 1029 616 videtur
1058 568 1161 614 VIII
1191 584 1274 628 44,
1313 583 1338 628 3
1363 569 1400 617 οἱ
1420 565 1468 618 δὲ
1488 564 1703 624 Ἀθηναῖοι

191 647 306 700 κατὰ
356 650 426 700 τὸν
478 650 626 717 καιρὸν
667 654 813 699 τοῦτον
851 655 947 708 ταῖς
986 649 1033 698 ἐκ
1069 657 1145 709 τῆς
1184 645 1332 716 Σοέμου
1371 648 1522 698 ναυσίν
1564 645 1705 697 αἰσθό-

189 751 308 798 μενοι
365 731 695 782 ἐπέπλευσαν
751 730 830 798 μὲν
877 729 1131 798 βουλόμενοι
1183 728 1340 797 φθάσαι
1392 733 1486 779 κτλ.
1540 727 1704 775 Ceteri

191 811 385 860 codices
434 811 669 859 exhibent
719 809 924 862 ἔπλευσαν
965 811 1101 874 quod
1141 809 1233 870 CL,
1276 810 1462 870 Herw.,
1506 808 1703 856 Hudius

191 893 238 940 in
268 902 456 940 textum
489 903 795 956 receperunt,
828 893 945 956 quia
972 892 1028 939 iis
1056 902 1222 940 noster
1254 891 1516 940 videbatur
1544 890 1706 937 dicere

189 974 406 1023 voluisse
456 974 519 1022 nil
567 975 655 1022 nisi
712 991 895 1036 „naves
945 973 1228 1022 solverant‘'
1280 972 1374 1036 (Cl.
1414 971 1561 1020 vertit
1607 970 1704 1032 „sie

191 1073 353 1104 waren
394 1085 459 1091 —
496 1073 595 1104 von
664 1055 843 1103 Samos
909 1054 1309 1119 ausgesegelt’')3
1367 1053 1483 1101 mihi
1539 1061 1706 1100 autem

195 1139 346 1186 verba
397 1140 459 1188 ἐπὶ
508 1137 586 1194 τὴν
634 1136 780 1188 Ῥόδον
820 1137 1164 1185 subaudienda
1203 1152 1312 1184 esse
1350 1134 1595 1193 videntur,
1634 1133 1702 1180 ita

193 1229 246 1267 ut
291 1219 591 1283 significetur
647 1237 786 1280 „cum
831 1219 1040 1266 navibus
1089 1217 1265 1266 infeste
1313 1216 1547 1264 Rhodum
1585 1213 1706 1278 peti-

194 1300 421 1358 verant’'‚
472 1301 554 1364 qui
603 1317 776 1348 sensus
827 1299 978 1364 vulgo
1024 1299 1302 1363 composito
1340 1300 1567 1356 ἐπιπλεῖν,
1608 1311 1707 1342 non

193 1382 348 1430 verbo
381 1381 585 1445 simplici
617 1387 751 1442 πλεῖν,
785 1381 1086 1444 exprimitur.
1122 1380 1390 1443 (Aoristus,
1425 1393 1525 1425 non
1545 1375 1701 1439 impf.,

193 1463 455 1511 adhibetur
541 1463 656 1527 quia
743 1463 904 1510 Latini
971 1461 1209 1525 plqpfecti
1273 1460 1348 1508 vis
1417 1458 1702 1522 requiritur:

203 1544 581 1608 ,‚petiverant''.)
623 1544 816 1606 Quibus
848 1543 1040 1591 aoristis
1069 1541 1355 1590 adiciendus
1386 1550 1462 1588 est
1490 1555 1593 1587 aor.
1628 1537 1710 1601 qui

196 1625 374 1689 legitur
440 1625 560 1673 VIII
631 1640 711 1687 55,
790 1642 805 1672 1
882 1627 1158 1676 ἐπίπλουν
1226 1632 1279 1691 τῇ
1342 1620 1474 1690 Ῥόδῳ
1531 1620 1711 1675 ἐποιή·

196 1728 383 1768 σαντο,
442 1707 539 1767 ubi,
596 1724 756 1771 aeque
812 1724 870 1755 ac
925 1705 1036 1754 loco
1091 1705 1295 1754 laudato
1353 1703 1459 1750 VIII
1514 1718 1596 1763 44,
1659 1716 1706 1762 3,

199 1790 359 1839 obiter
405 1788 654 1853 expeditio
701 1798 1020 1847 memoratur,
1073 1803 1171 1851 qua
1223 1784 1529 1850 digressione
1567 1783 1711 1830 inter-

198 1871 437 1935 rumpitur
485 1887 653 1918 cursus
699 1869 992 1917 narrationis
1041 1866 1294 1932 amplioris
1345 1867 1409 1915 de
1458 1862 1709 1929 republica

202 1952 497 2000 Atheniensi
535 1951 704 2015 agenti
743 1968 854 1998 cum
894 1949 1168 1998 Alcibiade.

273 2033 550 2097 Compositi
589 2032 936 2084 οἷντεπιπλεῖν
969 2032 1105 2095 impf.
1141 2031 1335 2079 duobus
1366 2038 1560 2078 tantum
1591 2025 1712 2075 locis

200 2115 434 2165 occurrit:
466 2115 484 2162 I
517 2129 598 2177 50,
631 2132 662 2175 4
695 2124 746 2162 et
782 2129 861 2176 54,
901 2131 944 2174 2,
967 2114 1145 2177 quibus
1165 2111 1284 2160 locis
1304 2112 1409 2160 sine
1429 2109 1579 2158 dubio
1601 2125 1712 2157 cum

202 2197 311 2245 cod.
328 2196 662 2244 Laurentiano
676 2194 944 2259 legendum
960 2204 1036 2243 est
1050 2194 1128 2245 α’ντ
1139 2216 1155 2244 ε
1164 2215 1193 2245 π
1204 2191 1365 2254 ε’πλεον,
1376 2209 1476 2240 non
1488 2191 1713 2242 οέντέπλεον

202 2279 338 2342 quod
378 2277 456 2326 alii
496 2277 691 2326 codices
730 2278 972 2340 praebent
1009 2275 1088 2339 (cf.
1130 2291 1243 2323 ann.
1279 2275 1351 2322 St.
1383 2273 1448 2322 ad
1479 2273 1498 2320 I
1532 2286 1612 2333 50,
1645 2272 1711 2334 4).

274 2361 469 2408 Eodem
533 2359 636 2406 fere
691 2375 837 2406 sensu
899 2357 1160 2406 adhibetur
1218 2356 1352 2420 impf.
1404 2354 1543 2402 verbi
1593 2352 1715 2404 οἷντ-

204 2440 519 2510 ανοίγεσθαι
560 2440 654 2504 (hic
692 2439 785 2486 illic
815 2439 975 2487 active
1005 2437 1370 2505 ἀντανάγειν)
1403 2436 1535 2483 hisce
1566 2434 1713 2483 locis:

202 2523 268 2570 IV
321 2539 396 2584 13,
450 2539 510 2583 43
563 2522 649 2568 VII
699 2534 779 2582 37,
835 2537 890 2582 33
940 2536 1022 2581 40,
1068 2536 1124 2581 33
1171 2534 1250 2581 52,
1299 2535 1349 2579 13
1390 2517 1493 2565 VIII
1533 2520 1614 2578 63,
1658 2532 1714 2576 23

210 2618 288 2666 79,
343 2608 400 2664 63
456 2606 536 2662 80,
598 2619 650 2662 Ι,
707 2618 817 2662 104,
878 2618 917 2649 1.
970 2601 1025 2648 In
1075 2600 1186 2648 loco
1237 2600 1342 2647 VIII
1382 2602 1463 2655 80,
1512 2614 1528 2645 1
1575 2595 1715 2653 ἐπειδὴ

205 2685 384 2753 ἀθρόαις
433 2691 527 2744 ταῖς
576 2685 726 2735 ναυσὶν
774 2680 852 2733 οὐκ
902 2681 1142 2751 α’ξιόμαχοι
1192 2685 1441 2748 νομίσαντες
1490 2677 1594 2729 εἶναι
1639 2675 1718 2728 οὐκ

206 2767 612 2834 οἷντανῇγοντο,
662 2765 954 2832 α’πορῆσαντες
999 2764 1145 2815 ὁπόθεν
1183 2759 1412 2821 τοσαύταις
1448 2764 1572 2812 ναυσὶ
1609 2759 1719 2828 χρή-

205 2869 328 2916 ματα
396 2845 558 2909 ἕξουσιν
627 2850 720 2896 κτλ.
779 2844 1047 2894 Classenus
1102 2842 1235 2892 nullo
1291 2842 1460 2891 codice
1515 2850 1718 2890 auctore
