2119 3342
900 183 992 227 123

264 311 654 374 Quodammodo
691 318 961 373 cognatum
1001 308 1111 356 huic
1150 308 1255 356 usui
1294 317 1368 355 est
1405 306 1545 354 verbi
1581 326 1702 373 προ·

192 400 392 462 χωρεῖν
444 392 781 455 imperfectum
831 390 1099 454 negatione
1150 390 1347 453 adjecta
1396 397 1702 450 usurpatum,

192 475 297 523 sive
367 472 691 538 personaliter
759 471 864 518 sive
919 469 1327 534 impersonaliter,
1386 485 1447 516 ea
1503 468 1706 515 notione

192 573 322 620 quae
359 565 434 603 est
480 571 608 616 „non
647 552 962 611 succedere’'‚
1010 568 1137 612 „non
1177 567 1415 613 prospere
1454 545 1704 607 evenire''‚

194 655 294 700 quo
327 635 615 698 imperfecto
651 633 912 681 conamina
938 632 1070 679 irrita
1092 631 1222 679 facta
1243 639 1704 693 repraesentantur3

195 718 287 767 loci
338 727 449 765 sunt
486 716 561 764 hi:
603 717 622 763 I
670 731 779 775 109,
826 714 1091 775 331158,
1137 712 1301 772 23111
1351 714 1426 771 18,
1475 728 1528 771 13
1571 711 1617 757 V
1658 727 1705 770 4,

201 816 255 861 23
302 799 371 846 VI
424 813 502 861 74,
560 814 601 845 2.
654 796 841 845 Contra
892 795 1102 843 aoristus
1149 792 1327 857 legitur
1378 792 1420 839 II
1474 796 1555 854 56,
1598 808 1629 852 4
1667 792 1709 852 ἐς

195 883 350 932 ἐλπίδα
369 879 447 948 μὲν
468 874 600 935 ἦλθον
620 884 693 929 τοῦ
712 882 835 936 ἑλεῖν,
858 875 914 927 οὐ
933 876 1077 944 μέντοι
1115 874 1409 943 προυχῶρη
1422 873 1480 925 σε’
1512 895 1576 941 γε,
1608 890 1708 936 quo

196 963 307 1011 1000
326 960 490 1009 infelix
511 971 719 1008 eventus
739 958 1088 1007 tantummodo
1110 957 1360 1004 nuntiatur
1375 956 1496 1018 (aor.
1515 957 1708 1018 const).

270 1043 356 1090 Ad
394 1043 442 1090 id
481 1041 615 1105 quod
654 1051 729 1089 est
767 1038 815 1091 οὐ
853 1039 1086 1108 προυχώρει
1124 1037 1484 1103 significatione
1522 1036 1712 1084 accedit

198 1126 247 1173 id
298 1124 434 1188 quod
483 1122 662 1188 legitur
711 1123 768 1169 HI
822 1126 901 1182 26,
953 1138 985 1182 4
1033 1124 1089 1181 ὡς
1134 1117 1173 1171 δ’
1215 1117 1376 1170 οὐδὲν
1415 1118 1711 1188 α’πέβαινεν

199 1204 344 1266 αὐτοῖς
389 1202 447 1255 ὧν
497 1205 801 1272 προσεδέχοντο
860 1220 999 1265 „cum
1050 1200 1165 1249 nihil
1216 1200 1503 1248 succederet
1552 1198 1712 1259 etc.’';

199 1287 417 1336 similiter
469 1286 539 1333 IV
590 1301 701 1346 104,
746 1302 770 1346 3
812 1287 868 1345 ὡς
907 1282 1063 1334 οὐδὲν
1104 1280 1220 1352 αὐτῷ
1253 1281 1336 1333 οἷπὸ
1374 1290 1457 1331 τῶν
1497 1278 1618 1332 ἔνδον
1657 1282 1715 1341 ὡς

200 1369 476 1438 προσεδέχετο
514 1367 833 1435 α’πέβαινεν.

274 1451 401 1498 Cum
449 1450 504 1497 iis
551 1466 678 1512 quos
728 1447 880 1495 modo
930 1445 1242 1494 laudavimus
1292 1443 1409 1492 locis
1448 1453 1566 1506 apte
1605 1459 1714 1490 con-

203 1532 315 1580 ferri
364 1541 572 1594 possunt
622 1547 683 1578 ea
731 1546 861 1593 quae
912 1537 1172 1576 occurrunt
1222 1527 1267 1573 II
1328 1542 1439 1584 101,
1496 1540 1520 1586 5
1573 1523 1714 1580 ἐπειδὴ

203 1612 319 1686 αὐτῷ
357 1611 516 1664 οὐδὲν
556 1610 853 1680 ἐπράσσετο
891 1608 949 1662 ὧν
984 1607 1108 1661 ἕνεκα
1147 1610 1323 1678 ἐσέβαλε
1362 1618 1411 1655 et
1452 1606 1521 1654 III
1564 1609 1644 1667 85,
1689 1621 1715 1666 3

203 1699 261 1756 ὡς
311 1693 470 1746 οὐδὲν
510 1692 653 1755 αὐτοῖς
691 1692 1015 1762 ἐπράσσετο,
1058 1691 1235 1755 quibus
1272 1689 1391 1738 locis
1429 1687 1718 1752 imperfecto

205 1787 413 1826 conatus
482 1776 660 1823 frustra
715 1773 919 1823 adhibiti
977 1773 1328 1836 exprimuntur.
1389 1770 1579 1817 Contra
1636 1767 1719 1815 ubi

207 1858 469 1907 conamina
524 1858 656 1905 irrita
703 1873 813 1904 esse
859 1856 991 1903 facta
1031 1853 1315 1918 simpliciter
1353 1852 1580 1900 nuntiare
1616 1848 1721 1897 vult

206 1941 428 2004 scriptor,
477 1939 662 1987 aoristo
702 1939 898 2002 (const.)
938 1937 1113 1986 utitur:
1154 1936 1201 1983 V
1244 1951 1324 1997 50,
1369 1949 1392 1997 5
1437 1935 1511 1984 καὶ
1549 1937 1720 1984 πολλῶν

207 2022 346 2090 λόγων
385 2021 624 2089 ’γενομένων
661 2018 783 2080 τέλος
821 2017 977 2070 οὐδὲν
1017 2016 1281 2086 ἐπράχθη.

277 2103 429 2151 Verbi
499 2101 721 2152 διδόναι
789 2117 992 2164 quoque
1061 2100 1268 2164 ejusque
1337 2096 1722 2159 compositorum

207 2185 550 2249 imperfectum
607 2182 876 2246 negatione
932 2181 1167 2246 adjuncta
1187 2181 1221 2243 1)
1273 2179 1350 2227 hic
1401 2177 1494 2225 11110
1544 2175 1723 2239 signifi·

209 2277 288 2315 cat
326 2265 739 2329 repugnationem
779 2272 950 2311 contra
988 2263 1271 2310 suadentes.
1311 2259 1465 2307 Verbi
1494 2256 1726 2321 simplicis

209 2347 397 2411 imperf.
457 2347 524 2395 sic
581 2355 843 2409 usurpatur
898 2344 984 2390 VII
1044 2360 1123 2405 32,
1192 2360 1208 2390 1
1266 2340 1590 2410 Ἀκραγαντῖνοι
1639 2336 1725 2405 ’γὰρ

210 2427 311 2481 οὐκ
361 2431 624 2479 ἐδίδοσαν
677 2424 751 2477 διὰ
801 2435 877 2485 τῆς
925 2429 1086 2476 ἑαυτῶν
1125 2424 1226 2475 ὁδόν
1267 2425 1411 2487 („per
1448 2439 1564 2470 suos
1604 2421 1728 2467 fines

210 2512 302 2559 iter
352 2510 470 2557 dare
521 2507 897 2568 recusabant'’);
952 2507 1055 2553 VIII
1100 2509 1144 2564 8,
1194 2522 1210 2552 1
1258 2503 1383 2556 οὐδὲ
1420 2500 1474 2554 τὰ
1512 2503 1728 2571 χρήματα

533 2587 553 2608 U

211 2595 462 2644 ἐδίδοσαν
532 2613 560 2641 α
629 2585 758 2645 ἦλθον
817 2588 985 2658 ἔχοντες
1043 2587 1295 2651 („tradere
1350 2582 1725 2645 recusabant'');

215 2692 297 2735 99,
372 2690 387 2720 1
463 2676 519 2733 ὡς
581 2672 737 2739 τροφήν
797 2692 838 2721 τε
899 2668 1078 2730 οὐδεὶς
1134 2670 1319 2719 ε’δίδου
1393 2683 1532 2728 „cum
1580 2680 1727 2711 nemo

265 2857 298 2902 1)
323 2857 365 2889 de
391 2868 460 2900 quo
486 2855 688 2899 imperfecto
714 2854 773 2885 ubi
800 2853 939 2895 negatio
965 2863 1035 2883 non
1064 2856 1117 2883 est
1143 2850 1258 2882 addita
1282 2850 1325 2882 cf.
1353 2859 1454 2890 supra
1480 2847 1498 2890 ἓ,
1526 2853 1543 2888 5
1571 2858 1605 2889 p.
1637 2846 1692 2886 89.
