2119 3342
1074 217 1140 262 40

346 348 476 395 facta
532 356 774 394 memorat
826 346 1002 409 quibus
1042 343 1432 392 Atheniensibus
1470 342 1770 407 persuadeat
1807 359 1861 389 se

347 430 536 492 patriae
603 427 811 492 gloriam
882 426 1103 487 auxisse3
1160 435 1293 473 recte
1350 425 1495 490 igitur
1550 425 1674 472 haec
1730 424 1861 471 facta

350 511 541 558 aoristis
599 508 972 557 constativis
1029 508 1395 571 exprimuntur3
1456 507 1474 553 I
1542 508 1616 563 18,
1673 521 1698 566 3
1761 504 1862 556 ὥστε

348 591 431 643 α’πό
480 602 562 642 τῶν
616 593 824 649 Μηδικῶν
876 592 916 650 ἐς
953 589 1075 640 τόνδε
1113 593 1191 639 αἰεὶ
1222 589 1292 639 τὸν
1326 577 1665 656 πόλεμον-εὖ
1705 608 1862 655 παρε-

349 671 702 724 σκευάσαντο
751 669 805 722 τὰ
844 672 1029 739 πολέμια
1076 675 1150 721 καὶ
1201 670 1475 738 ἐμπειρότεροι
1526 669 1715 736 ἐγένοντο
1767 672 1859 718 κτλ.

353 757 471 818 (aor.
529 754 820 817 complex.)3
876 753 918 800 II
971 756 1051 812 89,
1110 769 1133 799 2
1188 745 1299 802 οὗτοι
1349 748 1435 820 γὰρ
1471 761 1632 820 πρῶτον
1673 749 1750 818 μὲν
1789 746 1863 800 διὰ

352 838 397 886 τὸ
448 835 924 905 προνενικῆσθαι-τὲ
972 838 1132 894 πλῆθος
1180 844 1262 884 τῶν
1313 829 1864 901 νεῶν-παρεσκευά-

352 938 547 969 σαντοῑ
615 927 847 981 „propter
902 915 1094 963 cladem
1152 915 1315 979 priore
1365 913 1555 978 proelio
1607 923 1864 976 acceptam

352 999 486 1047 illum
527 1016 763 1063 magnum
799 1015 1055 1045 numerum
1090 997 1306 1054 navium,
1343 1013 1466 1059 quas
1499 995 1691 1054 videtis,
1727 1012 1866 1058 para-

352 1080 560 1128 verunt''
604 1082 723 1143 (aor.
765 1080 1011 1142 constat).
1055 1078 1109 1125 In
1149 1077 1259 1125 loco
1293 1077 1386 1124 VII
1425 1094 1503 1137 22,
1548 1094 1564 1124 1
1605 1077 1685 1125 ubi
1719 1076 1863 1125 codd.

355 1163 595 1225 praebent
653 1161 793 1217 ἐπειδὴ
844 1157 1300 1230 παρεσκευάσατο
1349 1160 1395 1209 τὲ
1447 1159 1646 1211 ναυτικόν
1699 1157 1866 1206 malim

354 1261 462 1291 cum
523 1243 914 1306 Herwerden01)
977 1252 1027 1289 et
1077 1241 1247 1289 Hudio
1297 1239 1465 1305 legere
1515 1237 1867 1309 παρεσκεύαστο

358 1325 473 1388 (vicl.
517 1342 629 1372 ann.
674 1324 841 1372 Herw.
884 1323 947 1371 ad
985 1322 1182 1386 locum).

429 1407 834 1470 Compositorum
863 1406 986 1456 α’ντι
1018 1416 1157 1453 —et
1188 1401 1869 1473 προπαρασκευάζεσθαι

355 1489 523 1552 paucis
556 1488 674 1536 locis
707 1487 1048 1551 imperfectum
1073 1486 1265 1550 legitur,
1290 1486 1500 1534 aoristus
1522 1503 1621 1534 non
1643 1485 1866 1533 occurrit.

426 1570 578 1617 Verbi
629 1567 912 1637 ἐξαρτύειν
963 1570 1031 1631 (et
1079 1569 1207 1617 med.
1239 1598 1307 1603 —-
1341 1569 1477 1631 εσθαι)
1524 1567 1714 1631 aliquot
1751 1566 1870 1616 locis

354 1652 489 1714 impf.
552 1651 774 1711 occurrit,
827 1651 924 1699 ind.
978 1668 1082 1699 aor.
1136 1661 1328 1698 tantum
1367 1649 1521 1698 semel
1559 1649 1736 1713 legitur
1774 1648 1869 1697 VII

359 1737 438 1795 65,
499 1750 515 1780 1
570 1733 671 1802 πρός
708 1755 749 1783 τε
787 1726 934 1784 τᾶλλα
972 1729 1345 1801 ἐξηρτύσαντο
1385 1736 1497 1790 κτλ.,
1541 1732 1622 1794 qui
1660 1730 1870 1779 aoristus

355 1816 455 1863 vim
496 1815 731 1879 plqpfecti
771 1815 934 1862 Latini
971 1814 1138 1862 habet:
1188 1812 1690 1877 „apparaverant.'‘

427 1897 580 1944 Verbi
646 1894 964 1964 ἑτοιμάζειν
1020 1895 1118 1943 ind.
1178 1912 1281 1943 aor.
1340 1911 1440 1942 non
1499 1894 1722 1954 occurrit,
1780 1893 1869 1941 sed

354 1978 489 2042 impf.
531 1979 645 2041 (act.
687 1988 736 2026 et
776 1977 928 2040 med.)
967 1977 1137 2040 paucis
1175 1975 1294 2024 locis
1333 1976 1526 2039 legitur.

434 2060 612 2123 Aeque
671 2060 765 2107 huc
811 2059 1057 2122 pertinent
1105 2076 1165 2106 ea
1209 2059 1364 2106 verba
1412 2075 1542 2122 quae
1592 2057 1871 2122 significant

364 2140 733 2202 „resistere'’‚
818 2139 1176 2201 „retinere''‚
1234 2138 1526 2201 „arcere'’‚
1590 2149 1870 2201 „conten-

358 2223 464 2270 der
480 2222 557 2281 e’',
607 2222 711 2270 sive
749 2222 948 2285 proprio
986 2221 1091 2269 sive
1131 2221 1370 2269 translato
1393 2238 1565 2270 sensu:
1598 2221 1869 2290 α’ντέχειν,

358 2310 578 2372 εἴργειν,
613 2305 1019 2360 ἐναντιοῦσθαι,
1055 2306 1457 2372 ἰσχυρίζεσθαι,
1490 2303 1673 2366 quippe
1695 2302 1870 2366 quibus

357 2385 535 2443 verbis,
590 2395 834 2448 quatenus
881 2385 971 2431 sub
1023 2384 1190 2432 formis
1236 2383 1555 2448 praesenticis
1594 2394 1867 2444 occurrunt,

360 2466 662 2513 continuatio
701 2465 1072 2529 repugnationis
1111 2466 1215 2513 sive
1254 2466 1582 2514 contentionis
1614 2465 1866 2514 indicetur.

430 2547 583 2594 Verbi
639 2547 892 2615 α’ντέχειν
949 2564 1101 2609 saepe
1157 2547 1289 2610 impf.
1341 2546 1563 2607 occurrit,
1614 2547 1711 2594 ind.
1765 2564 1867 2595 aor.

369 2639 561 2676 tantum
609 2629 743 2676 hisce
782 2628 934 2675 tribus
973 2627 1092 2675 locis
1131 2627 1335 2692 legitur:
1380 2628 1424 2675 II
1469 2632 1548 2688 64,
1593 2645 1618 2690 3
1661 2627 1870 2677 Pericles

360 2710 515 2757 verba
584 2710 766 2758 faciens
813 2710 876 2757 de
916 2709 1294 2758 Atheniensium
1351 2709 1556 2774 imperio
1611 2709 1869 2774 profitetur

413 2892 446 2935 ι)
472 2892 508 2924 in
535 2892 606 2934 ejus
633 2892 846 2934 Thucydidis
872 2892 1025 2925 editione
1051 2891 1217 2935 (Trajeeti
1241 2893 1285 2926 ad
1310 2892 1470 2926 Rhenum
1498 2890 1720 2936 1877—'82.)

2110 3259 2119 3335 ’.α-ιμ-
2114 3191 2119 3212 22
2116 3143 2119 3158 ..
2116 3080 2119 3114 Δ»
