2119 3342
868 211 933 256 49

143 360 248 408 χαις
286 367 353 373 —
392 338 548 406 ὀμόσαι
592 337 743 407 ἕρκους
782 336 994 397 α’λλῆλοις
1033 341 1143 394 κτλ.,
1186 353 1285 399 quo
1324 335 1435 383 loco
1473 336 1648 398 imper-

143 420 323 468 fectum
356 429 633 483 usurpatur,
670 419 785 482 quia
817 418 865 466 id
886 416 1165 466 consultum
1186 434 1285 465 non
1307 434 1396 481 per
1415 434 1468 464 se
1488 426 1650 464 ratum

144 502 257 563 fuit3
298 503 429 566 prius
467 501 596 549 enim
635 500 953 548 sanciendum
993 499 1080 547 fuit
1117 505 1212 559 ταῖς
1243 498 1437 566 τέσσαρσι
1470 502 1653 566 βουλαῖς

142 593 224 634 τῶν
263 593 450 634 Βοιωτῶν
490 584 538 645 (ξ
583 584 646 646 2).

214 663 492 728 Aliquoties
513 666 654 714 δοκεῖν
675 662 918 727 significat
939 703 956 723 „
975 660 1318 719 arbitrari'',
1343 660 1651 725 „putare'';

143 746 415 810 cujusmodi
445 745 563 793 locis
593 761 789 808 semper
820 744 1011 791 formae
1040 743 1380 806 praesenticae
1401 741 1648 807 leguntur,

143 826 279 875 velut
317 827 386 874 IV
434 843 508 888 14,
554 843 577 873 2
621 826 824 890 (impf.);
869 829 949 885 62,
996 842 1048 886 23
1090 825 1135 871 V
1172 827 1264 885 883
1304 824 1515 872 aoristus
1547 834 1650 871 tan-

142 909 400 956 tummodo
452 907 629 971 legitur
679 908 749 954 VI
810 923 921 968 104,
980 923 1005 968 3
1058 911 1082 957 ὁ
1132 905 1179 957 δὲ
1219 910 1377 966 Νικίας
1414 905 1648 974 πυθόμενος

141 988 269 1041 αὐτὸν
321 989 609 1059 προσπλέοντα
658 990 841 1058 ὑπερεῖδε
891 990 937 1038 τὸ
989 991 1149 1049 πλῆθος
1195 998 1277 1039 τῶν
1328 997 1432 1039 νεῶν
1472 1017 1539 1023 —
1577 988 1651 1038 καὶ

142 1070 444 1143 λῃστικῶτερον
474 1069 632 1132 ἔδοξε
661 1070 1086 1140 παρεσκευασμένους
1105 1074 1221 1120 πλεῖν
1243 1069 1270 1117 i.
1294 1086 1336 1117 e.
1369 1068 1619 1132 „putavit”
1642 1089 1649 1117 :

142 1168 243 1201 aor.
290 1163 549 1216 usurpatur
593 1152 708 1215 quia
752 1150 832 1200 illa
877 1151 1048 1200 Niciae
1085 1150 1251 1214 opinio
1285 1168 1382 1198 non
1417 1150 1651 1214 aliquam-

141 1235 222 1283 diu
262 1234 549 1282 continuata
581 1233 870 1282 describitur
902 1233 989 1281 sed
1021 1232 1369 1280 tantummodo
1407 1242 1652 1295 quatenus

142 1333 254 1365 eam
305 1316 532 1380 concepit
569 1315 772 1363 simulac
811 1314 889 1363 ille
927 1315 1124 1363 nuntius
1163 1314 1415 1381 (πυθόμενος
1454 1315 1570 1377 κτλ.)
1609 1313 1653 1361 θί

142 1397 320 1446 allatus
357 1408 447 1446 est⁰

213 1481 378 1528 Etiam
417 1479 910 1528 animadvertendum
950 1488 1025 1526 est
1062 1478 1109 1525 in
1149 1493 1210 1525 ea
1240 1475 1488 1525 locutione
1521 1492 1651 1540 quae

143 1572 218 1610 est
261 1563 362 1626 (ὡς)
417 1563 535 1630 ἐμοὶ
578 1563 782 1621 δοκεῖν,
849 1571 929 1622 „ut
985 1560 1100 1607 mihi
1152 1559 1352 1623 quidem
1403 1558 1648 1618 videtur'',

141 1661 338 1709 semper
387 1644 520 1708 apud
569 1660 742 1691 omnes
791 1643 1055 1707 scriptores
1093 1641 1316 1704 usurpari
1354 1640 1651 1690 infinitivum

143 1725 506 1789 praesentis,
548 1742 646 1772 non
686 1724 878 1785 aoristi3
920 1724 1054 1788 apud
1093 1733 1314 1771 nostrum
1350 1739 1414 1770 ea
1440 1721 1651 1770 elocutio

141 1806 319 1871 legitur
366 1807 459 1854 VII
512 1809 593 1868 87,
647 1821 670 1868 5
726 1809 866 1857 δοκεῖν
906 1803 1118 1873 δ’ἔμοιγες
1158 1804 1278 1851 VIII
1324 1807 1404 1864 64,
1447 1819 1471 1865 5
1509 1806 1650 1854 δοκεῖν

141 1888 195 1939 δέ
238 1910 312 1957 μοι
364 1889 482 1952 (quo
532 1887 642 1935 loco
682 1905 792 1935 cum
834 1885 1075 1935 Classeno
1115 1896 1165 1934 et
1205 1885 1375 1932 Hudio
1414 1902 1442 1932 e
1480 1884 1652 1934 codice

141 1968 386 2018 Vaticano
438 1969 772 2033 recipiendum
823 1967 944 2033 puto
983 1971 1172 2029 δοκεῖν,
1213 1984 1312 2015 non
1350 1968 1482 2018 δοκεῖ
1516 1966 1650 2030 quod

143 2051 292 2100 ceteri
329 2051 473 2099 codd.
514 2050 789 2114 praebent).

215 2133 277 2180 Iis
314 2132 477 2181 verbis
516 2149 646 2196 quae
679 2150 767 2180 sua
800 2141 974 2180 natura
1007 2141 1158 2195 atque
1187 2129 1352 2179 indole
1385 2129 1651 2193 praesenti-

142 2232 225 2263 cas
277 2215 462 2263 formas
512 2214 799 2278 praeferunt
849 2213 1086 2261 aoristicis
1137 2213 1287 2261 etiam
1327 2228 1649 2260 annumeran-

142 2297 259 2344 dum
283 2306 358 2344 est
378 2296 584 2344 verbum
605 2293 838 2365 βούλεσθ
853 2317 933 2356 αις
955 2293 1248 2358 plerumque
1269 2294 1400 2341 enirn
1420 2292 1653 2342 voluntas

144 2378 445 2442 aliquamdiu
478 2377 762 2426 continuata
796 2377 1041 2425 mentibus
1074 2375 1312 2424 lectorum
1333 2375 1650 2439 proponitur3

144 2477 244 2524 quo
278 2459 331 2506 fit
362 2469 415 2507 ut
447 2460 552 2524 ejus
571 2460 709 2508 verbi
731 2459 1071 2523 imperfectum
1095 2462 1123 2505 6
1132 2474 1156 2519 3
1181 2467 1420 2516 occurrat,
1444 2457 1652 2504 aoristus

144 2552 311 2589 autem
360 2541 618 2604 perpaucis
660 2540 777 2588 locis
816 2540 1107 2588 inveniatur.
1151 2539 1450 2586 Indicativus
1488 2537 1653 2585 aoristi

145 2623 363 2687 quinque
412 2623 562 2670 modo
615 2620 734 2669 locis
780 2620 974 2686 legitur,
1026 2638 1236 2684 quorum
1276 2620 1430 2668 tribus
1469 2620 1532 2681 (II
1570 2634 1652 2679 94,

153 2721 200 2752 1··
256 2704 324 2751 III
386 2720 496 2765 113,
553 2707 610 2764 63
663 2703 781 2750 VIII
834 2704 915 2764 87,
971 2703 1022 2766 4)
1070 2701 1342 2750 secundum
1393 2718 1478 2748 eas
1515 2698 1655 2763 leges

192 2745 202 2766 7

146 2802 276 2849 quae
307 2784 354 2832 in
382 2785 646 2833 enuntiatis
672 2783 1004 2849 hypotheticis
1025 2783 1195 2832 valent
1212 2784 1245 2847 1)
1267 2793 1530 2846 usurpatus
1551 2791 1652 2830 est:

199 2896 233 2940 1)
260 2896 302 2929 cf.
329 2907 433 2939 supra
458 2906 492 2938 p.
521 2904 564 2929 22
591 2906 642 2938 sq.

1529 2969 1552 3002 4
