2119 3342
1070 181 1133 240 76

342 337 479 374 terea
518 324 701 372 aoristo
741 320 1015 369 istiusmodi
1053 318 1173 367 locis
1212 317 1412 366 omnino
1452 315 1590 364 locus
1629 333 1727 363 non
1767 325 1857 375 est,

346 408 461 472 quia
511 405 696 453 aoristo
748 399 982 460 ἐτελεύτησε
1033 401 1193 464 ipsum
1245 398 1501 447 desinendi
1552 407 1860 445 momentum

346 489 649 552 designatur,
703 484 838 533 velut
885 484 928 530 II
981 499 1063 544 41,
1114 497 1168 543 53
1222 481 1290 528 IV
1346 496 1424 542 50,
1469 495 1526 541 33
1566 479 1611 525 V
1659 494 1734 537 10,
1784 493 1859 536 11,

348 570 524 634 quibus
556 567 675 616 locis
716 584 817 614 aor.
859 564 1102 628 significat
1148 572 1400 621 „mortuus
1434 561 1503 624 (-i)
1543 569 1618 608 est
1657 558 1860 622 (sunt)”.

349 651 594 714 Equidem
633 659 754 713 puto
793 646 1134 710 imperfectum
1168 641 1360 694 ἐτελεύτα
1393 641 1688 690 vertendum
1728 657 1861 688 esse:

358 734 502 794 „dum
524 732 648 778 haec
675 740 928 794 geruntur,
963 744 1120 776 annus
1153 726 1286 789 (anni
1312 724 1527 787 tempus)
1562 722 1639 770 ad
1676 722 1865 769 finem

349 812 726 878 vergebat''.
767 811 881 858 Non
915 810 1074 873 ipsum
1109 807 1364 855 desinendi
1403 814 1711 853 momentum
1749 803 1868 850 indi-

351 907 504 951 catur,
550 894 638 941 sed
690 892 979 940 describitur
1030 889 1286 952 quomodo
1334 888 1459 934 inter
1498 903 1583 934 eas
1621 903 1700 933 res
1738 901 1869 948 quae

352 978 503 1024 modo
555 986 668 1022 sunt
716 984 947 1021 narratae
998 982 1047 1019 et
1079 988 1166 1018 eas
1204 986 1281 1017 res
1322 985 1452 1031 quae
1492 967 1725 1015 continuo
1763 982 1869 1013 nar-

352 1059 590 1106 rabuntur
618 1073 775 1104 annus
804 1055 869 1102 ad
900 1054 1049 1100 finem
1079 1050 1366 1115 prolapsum
1395 1049 1469 1097 sit.
1502 1048 1696 1096 Eodem
1719 1046 1870 1094 modo

353 1139 693 1203 imperfectum
728 1135 989 1184 adhibetur
1022 1133 1157 1197 apud
1190 1131 1584 1195 Xenophontem
1620 1128 1751 1177 Hell.
1780 1130 1798 1175 I
1829 1144 1869 1188 1,

359 1235 418 1283 37
461 1222 534 1271 καὶ
575 1225 598 1269 ο“
637 1219 826 1277 ἐνιαυτὸς
859 1214 1053 1283 ἔληγεν
1104 1219 1199 1265 κτλ.
1247 1213 1442 1261 Eodem
1483 1211 1697 1275 pertinet
1737 1209 1872 1273 quod

355 1302 469 1350 anni
520 1300 759 1364 temporis
808 1298 995 1346 initium
1046 1295 1337 1360 imperfecto
1394 1293 1684 1355 designatur
1739 1291 1873 1354 apud

358 1394 580 1432 nostrum
630 1382 698 1428 III
756 1383 830 1437 18,
887 1395 910 1441 5
964 1382 1039 1429 καὶ
1079 1383 1102 1427 ὁ
1140 1375 1302 1446 χειμὼν
1336 1375 1535 1444 ἤρχετο
1567 1377 1785 1442 γίγνεσθαι
1826 1383 1875 1420 et

356 1466 402 1512 V
457 1481 535 1525 24,
594 1480 616 1510 2
670 1463 716 1512 τὸ
767 1462 885 1529 θέρος
935 1455 1093 1528 ἦρχε,
1140 1476 1251 1506 cum
1304 1457 1481 1521 quibus
1536 1455 1656 1503 locis
1713 1472 1876 1502 rursus

359 1545 569 1595 conferri
603 1554 770 1608 potest
803 1543 932 1590 Xen.
977 1540 1108 1589 Hell.
1153 1541 1171 1587 I
1217 1557 1259 1599 2,
1310 1556 1369 1600 14
1408 1542 1484 1588 καὶ
1524 1534 1687 1606 χειμὼν
1727 1537 1875 1605 ἐπῄει

359 1633 455 1679 κτλ.
505 1627 581 1673 ΕΟ
630 1626 684 1673 fit
731 1635 799 1684 ut,
844 1641 955 1671 cum
995 1623 1041 1669 in
1082 1620 1325 1686 ejusmodi
1364 1619 1692 1667 locutionibus
1730 1617 1876 1680 parti-

360 1710 538 1774 cipium
577 1707 850 1770 requiritur,
891 1722 1090 1768 semper
1128 1701 1501 1767 praesentis
1550 1699 1875 1763 participium,

361 1809 460 1839 non
501 1789 683 1849 aoristi,
724 1788 785 1835 sit
823 1787 870 1834 in
910 1804 1015 1834 usu.
1061 1785 1176 1832 Huc
1213 1784 1460 1847 pertinent
1499 1782 1547 1829 hi
1586 1781 1703 1829 loci:

431 1877 794 1930 τελευτῶντος
831 1874 923 1919 τοῦ
961 1867 1161 1936 μηνόςῑ
1203 1868 1243 1914 ΙΙ
1283 1883 1331 1927 4,
1371 1883 1412 1913 2.

436 1953 490 2004 ἐν
528 1963 595 2024 τῷ
635 1949 776 2022 αὐτῷ
815 1948 951 2018 Θε’ρει
989 1954 1344 2000 τελευτῶντι;
1386 1945 1475 1992 VII
1517 1962 1563 2004 9,
1613 1962 1651 1992 1.

432 2042 524 2086 τοῦ
564 2029 696 2101 ἦρος
735 2031 1076 2100 οἷρχομένουε
1117 2030 1211 2076 VII
1261 2046 1336 2089 19,
1384 2045 1434 2088 13
1480 2043 1559 2086 2ο,
1609 2043 1647 2074 1.

434 2116 754 2182 τοῦθέρους
794 2113 1136 2181 οἷρχομένουῑ
1178 2111 1221 2158 ΙΙ
1263 2124 1346 2171 47,
1392 2126 1446 2169 23
1485 2108 1531 2155 V
1575 2122 1654 2169 52.

436 2203 528 2247 τοῦ
575 2206 850 2264 χειμῶνος
899 2193 1241 2262 α’ρχομένουῑ
1285 2192 1327 2239 ΙΙ
1369 2206 1450 2252 93,
1500 2206 1548 2249 13
1591 2203 1671 2249 95,
1721 2204 1770 2249 13
1813 2186 1882 2233 IV

369 2283 449 2340 89,
498 2295 544 2339 13
586 2277 632 2324 V
683 2280 761 2339 76,
811 2292 849 2323 Ι.

440 2359 759 2427 α’ρχομένου
793 2362 884 2406 τοῦ
916 2355 1182 2422 πολέμουε
1208 2354 1274 2400 ΙΙΙ
1301 2366 1376 2414 17,
1407 2369 1454 2412 13
1480 2354 1560 2408 86,
1588 2367 1638 2411 23
1661 2350 1707 2396 V
1731 2353 1811 2409 26,
1835 2365 1881 2409 4.

441 2441 612 2488 Liceat
650 2439 766 2486 mihi
806 2437 1066 2485 occasione
1104 2437 1223 2483 data
1261 2435 1478 2482 breviter
1515 2442 1729 2480 tractare
1761 2432 1886 2478 duos

369 2522 506 2570 locos
556 2538 655 2568 non
703 2520 903 2583 quidem
951 2535 1013 2565 ex
1063 2518 1213 2581 ipsius
1259 2515 1564 2579 Thucydidis
1603 2513 1765 2561 verbis
1805 2512 1884 2560 de-

371 2613 646 2667 prompt05‚
710 2601 792 2664 qui
852 2611 1019 2647 tamen
1069 2599 1203 2662 apud
1254 2608 1476 2645 nostrum
1527 2596 1573 2642 in
1624 2604 1885 2658 pactorum

372 2684 589 2733 formulis
627 2683 952 2731 inveniuntur.
997 2681 1051 2727 In
1091 2679 1201 2728 loco
1240 2680 1307 2726 IV
1348 2696 1458 2739 119,
1506 2694 1522 2724 1
1567 2682 1705 2726 ταῦτα
1743 2672 1887 2736 ξυνέ-

373 2771 524 2817 Θεντο
564 2767 638 2815 καὶ
677 2763 898 2831 ὤμοσαν
937 2761 1279 2829 Λακεδαιμόνιοι
1319 2761 1393 2810 καὶ
1433 2762 1471 2809 οἱ
1503 2755 1735 2824 ξύμμαχοι
1767 2753 1888 2814 Ἀθη-

373 2852 507 2906 ναίοις
548 2851 622 2896 καὶ
660 2852 746 2905 τοῖς
784 2842 1039 2912 ξυμμάχοις
1072 2846 1167 2892 κτλ.
1212 2841 1403 2889 aoristis
1448 2837 1733 2887 constativis
1771 2835 1888 2884 illud
