2119 3342
1085 192 1150 250 48

361 346 471 377 cum
501 329 609 377 cod.
640 329 694 389 B,
717 330 891 377 ceteris
911 330 1160 378 codicibus
1181 331 1524 380 exhibentibus
1543 329 1788 399 ἐφάνησαν,
1811 332 1869 380 cf.

360 427 472 459 ann.
527 410 601 458 Cl.
654 411 718 458 ad
768 421 991 458 nostrum
1041 411 1206 459 locum
1257 423 1307 460 et
1344 414 1408 460 ad
1444 412 1609 461 locum
1648 414 1872 478 proxime

360 490 614 540 laudatum
653 510 697 542 c,
736 509 820 553 42,
865 493 929 556 3).

433 574 708 638 Compositi
757 576 1152 642 διαφαίνεσθαι
1193 577 1541 624 tantummodo
1580 576 1872 624 indicativus

359 656 526 703 aoristi
577 655 799 713 occurrit,
846 656 995 719 idque
1045 657 1118 704 his
1157 656 1303 705 locis:
1347 658 1365 704 I
1414 660 1489 715 18,
1534 674 1557 704 2
1602 658 1720 720 (quo
1759 656 1870 705 loco

359 736 599 800 Stephani
638 737 923 801 conjectura
950 737 1014 793 δὴ
1050 736 1214 805 ἐφάνη
1253 756 1403 802 quam
1439 738 1635 786 Hudius
1667 739 1868 802 recepit,

358 835 556 882 prorsus
595 836 692 867 non
733 819 1011 867 necessaria
1049 830 1151 880 est3
1192 820 1252 868 cf.
1294 837 1408 868 ann.
1449 821 1523 868 St.
1565 820 1629 868 ad
1667 819 1869 883 locum)3

359 900 401 946 ΙΙ
445 915 525 961 51,
564 917 620 961 33
662 900 731 946 IV
780 903 890 960 108,
932 917 991 960 43
1032 900 1101 947 VI
1150 914 1225 963 17,
1270 916 1314 963 5.
1352 902 1466 949 Hoc
1498 902 1775 965 composito
1797 901 1871 949 vis

357 982 586 1030 effectiva
636 982 773 1030 verbi
823 981 1055 1046 simplicis
1106 983 1273 1031 aoristi
1313 984 1463 1031 etiam
1502 982 1676 1031 clarius
1715 981 1870 1046 expri-

357 1064 524 1111 mitur:
581 1064 769 1122 „inter
818 1062 941 1111 alia
986 1063 1117 1111 sive
1156 1064 1230 1111 ad
1267 1075 1603 1113 extremum
1643 1074 1868 1112 certam

357 1145 660 1208 quandam
700 1145 968 1209 speciem
1007 1145 1332 1195 exhibere”
1375 1147 1692 1211 (Germanice
1738 1146 1869 1208 „sich

356 1226 726 1275 herausstellen'
737 1227 783 1291 ⁹).

427 1308 589 1356 Solius
627 1309 885 1372 compositi
925 1313 1362 1377 καταφαίνεσθαι
1402 1309 1592 1374 imperf.
1631 1309 1865 1357 occurrit:

356 1391 401 1438 V
455 1395 499 1451 6,
554 1408 578 1453 3
621 1391 926 1455 (Cerdylium
966 1384 1272 1454 describitur)
1293 1390 1375 1442 ἔστι
1414 1390 1460 1442 δὲ
1497 1392 1543 1442 τὸ
1579 1395 1738 1460 χωρίον
1777 1397 1867 1442 τοῦ·

354 1494 400 1523 το
433 1469 654 1541 Ἀργιλίων
688 1475 751 1524 ἐπὶ
780 1472 992 1541 μετεώρου
1030 1473 1164 1541 πέραν
1196 1479 1270 1524 τοῦ
1300 1479 1497 1542 ποταμοῦ
1529 1503 1597 1508 —
1618 1478 1692 1524 καὶ
1719 1494 1867 1524 κατε-

355 1559 576 1622 φαίνετο
614 1553 791 1606 πάντα
824 1553 998 1606 αὐτόθεν
1033 1555 1060 1603 i.
1084 1573 1126 1603 e.
1162 1556 1328 1603 omnia
1360 1555 1475 1604 inde
1503 1556 1866 1619 prospicieban-

355 1647 434 1684 tur
485 1637 638 1700 (impf.
697 1638 1158 1701 descript.-durat.)3
1218 1638 1312 1686 hoc
1369 1638 1698 1702 compositum
1754 1637 1868 1685 alibi

356 1735 454 1766 non
495 1719 715 1768 occurrit.

390 1800 544 1849 Verbi
575 1803 758 1852 δοκεῖν
793 1800 947 1849 multo
977 1800 1176 1865 saepius
1206 1802 1547 1866 praesenticae
1580 1801 1785 1860 formae,
1819 1801 1865 1847 in

355 1883 532 1945 quibus
563 1882 698 1946 imps.
735 1900 816 1944 91,
848 1901 999 1946 quam
1026 1884 1300 1943 aoristicae‚
1333 1884 1379 1931 in
1411 1884 1586 1948 quibus
1620 1883 1718 1931 ind.
1761 1900 1861 1930 aor.

358 1980 438 2025 34,
473 1976 745 2014 occurrunt.
788 1965 1137 2028 Imperfectum
1176 1964 1466 2029 plerumque
1506 1965 1684 2013 eodem
1718 1981 1866 2012 sensu

355 2046 562 2093 occurrit
615 2064 713 2110 quo
765 2049 973 2114 ἐφαίνετοῑ
1023 2047 1384 2104 „videbatur
1415 2046 1679 2110 (-ntur)’‘;
1714 2063 1866 2108 saepe

354 2144 555 2191 quoque
606 2128 999 2192 impersonaliter
1050 2140 1312 2192 usurpatur
1359 2139 1409 2176 et
1458 2128 1752 2176 vertendum
1791 2137 1866 2175 est

361 2208 505 2270 „utile
538 2209 849 2270 videbatur''‚
884 2210 942 2257 cf.
980 2210 1050 2257 IV
1082 2224 1160 2272 71,
1193 2227 1240 2272 13
1265 2210 1311 2256 V
1335 2225 1413 2272 53.
1457 2210 1866 2272 Quotiescunque

354 2301 519 2338 autem
559 2292 743 2339 mentio
783 2291 836 2339 fit
874 2292 1058 2340 decreti
1097 2310 1127 2339 a
1165 2292 1370 2340 comitiis
1410 2291 1513 2339 sive
1542 2291 1639 2339 alio
1661 2289 1863 2338 consilio

356 2371 645 2421 deliberanti
700 2374 829 2434 facti,
889 2391 1087 2438 semper
1107 2375 1140 2438 1)
1191 2375 1238 2422 in
1291 2392 1379 2422 usu
1431 2384 1506 2422 est
1556 2391 1657 2421 aor.
1707 2371 1866 2433 ἔδοξε

363 2453 621 2516 „placuit''‚
663 2455 799 2519 cujus
849 2473 964 2503 usus
1012 2456 1251 2503 notissimi
1303 2454 1585 2518 exemplum
1636 2471 1787 2502 unum
1836 2470 1864 2500 e

354 2535 516 2583 multis
555 2536 710 2584 affero
750 2537 869 2583 VIII
913 2539 958 2596 8,
1005 2554 1027 2583 2
1070 2538 1339 2598 ξυνελθόντες
1379 2539 1417 2597 ἐς
1458 2537 1660 2604 Κόρινθον
1700 2532 1864 2601 οἱξῦμ·

352 2637 492 2685 μαχοι
538 2615 828 2686 ἐβουλεύοντο,
876 2620 956 2668 καί
991 2616 1117 2679 ἔδοξ
1132 2641 1147 2668 ε
1196 2624 1320 2679 κτλ,
1373 2618 1652 2665 conferatur
1691 2627 1862 2664 contra

354 2697 400 2744 V
461 2701 540 2759 38,
607 2716 623 2747 Ι
688 2701 728 2750 ἐν
789 2699 835 2751 δὲ
892 2697 1022 2769 τούτῳ
1075 2701 1256 2751 ἐδόκει
1308 2711 1471 2768 πρῶτον
1526 2706 1612 2759 τοῖς
1661 2696 1865 2766 βοιωταρ-

404 2890 438 2937 1)
465 2892 508 2926 cf.
534 2897 647 2924 tamen
675 2891 716 2924 de
742 2889 844 2922 ἐδόκει
870 2909 911 2915 —
935 2888 1027 2933 ’ἔδοξε
1053 2891 1141 2923 infra
1167 2890 1183 2933 §
1205 2890 1239 2923 8.
