2119 3342
908 193 996 224 121

188 328 245 384 ὡς
311 320 371 374 ἐπ’
431 320 583 392 οἷγαθῷ
650 318 769 376 ἥκων
834 317 889 369 οὐ
945 321 1103 368 πείθω
1168 315 1498 378 „persuadere
1555 313 1701 360 vobis

190 403 416 469 quamvis
454 401 650 449 conanti
691 400 807 447 mihi
845 416 943 446 non
983 396 1322 461 contingere'’.

262 485 520 533 Passivum
577 482 698 545 (ὡς)
755 479 851 530 οὐκ
901 481 1126 530 ἐπείθετο
1175 478 1413 541 (-Θοντο)
1465 475 1705 538 reperitur

194 567 336 625 126,
379 563 517 626 5311
563 579 607 622 2,
650 578 710 622 43
750 560 796 607 V
841 577 919 619 21,
967 576 1011 621 3.

265 647 402 694 Idem
470 643 604 707 quod
671 640 719 692 οὐ
775 644 982 692 πείθεσθαι
1039 637 1174 687 valet
1230 636 1332 689 οὐκ
1388 634 1707 695 ἐσακούειν,

194 727 331 793 cujus
384 723 643 773 locutionis
697 721 1038 786 imperfectum
1094 730 1290 784 praeter
1346 718 1508 766 locum
1556 734 1706 780 quem

193 825 343 874 supra
398 804 598 854 laudavi
654 804 743 868 (IV
809 819 920 860 101,
987 803 1030 865 1)
1080 801 1325 850 invenitur
1375 801 1525 848 etiam
1575 799 1708 846 hisce

194 890 336 939 locis:
376 888 422 935 V
465 904 544 945 22,
589 903 644 946 23
688 900 767 947 50,
817 902 869 945 13
910 883 1029 930 VIII
1072 899 1151 944 31,
1196 899 1252 944 33
1298 899 1378 943 32,
1423 899 1479 943 33
1524 883 1603 942 38,
1643 897 1705 941 43

199 975 281 1030 86,
332 987 364 1031 4
426 967 566 1033 (οὐδὲν
617 972 789 1035 μᾶλλον
842 966 1083 1028 ἐσήκουον).
1130 963 1361 1011 Similiter
1397 963 1535 1011 verbi
1575 963 1712 1012 ὑπα-

198 1049 378 1104 κούειν
436 1049 776 1113 imperfectum
834 1046 1102 1110 negatione
1159 1046 1327 1093 addita
1378 1054 1642 1107 usurpatur
1691 1044 1708 1089 I

204 1150 283 1193 29,
343 1149 395 1193 13
443 1148 554 1193 139,
598 1147 653 1191 23
694 1130 739 1176 V
788 1145 898 1189 114,
948 1145 996 1189 13
1036 1127 1128 1174 VII
1178 1129 1252 1184 18,
1298 1144 1340 1174 2.
1383 1126 1535 1190 Cujus
1575 1125 1712 1172 verbi

200 1215 410 1263 aoristus
466 1229 577 1260 cum
634 1211 902 1275 negatione
960 1209 1250 1273 conjunctus
1307 1218 1444 1255 extat
1500 1217 1714 1254 tantum-

203 1295 354 1343 modo
385 1295 402 1341 Ι
442 1298 521 1353 26,
545 1310 576 1354 4
598 1290 696 1343 οἶδ’
727 1289 1000 1359 Ἐπιδάμνιοι
1032 1288 1188 1340 οὐδὲν
1222 1288 1360 1340 αὐτῶν
1394 1289 1714 1344 ὑπήκουσαν

204 1378 325 1440 (301.
366 1372 818 1438 const.-complex.;
859 1383 1076 1421 ceterum
1110 1371 1172 1419 de
1203 1369 1313 1418 loco
1344 1380 1594 1433 corrupto,
1622 1369 1715 1416 for—

203 1468 336 1506 tasse
368 1455 681 1520 interpolato,
720 1454 818 1503 vid.
859 1454 1048 1516 Steupii
1094 1452 1380 1516 „Anhang”
1422 1451 1486 1499 ad
1522 1449 1643 1513 1.1.).

275 1538 471 1587 Eodem
521 1555 666 1586 sensu
719 1553 819 1600 quo
859 1533 938 1586 οὐκ
976 1537 1151 1586 ἐπείθετο
1191 1534 1386 1581 duobus
1423 1532 1543 1580 locis
1582 1550 1715 1579 usur-

207 1630 351 1685 patur
388 1619 570 1667 locutio
607 1617 706 1669 οὐκ
746 1616 1054 1685 ἐνεδέχετο,
1097 1632 1278 1679 nempe
1319 1616 1385 1662 ΙΙΙ
1429 1631 1509 1675 31,
1555 1631 1577 1660 2
1615 1619 1638 1663 0‘
1671 1613 1716 1664 δὲ

208 1700 335 1752 οὐδὲ
396 1707 534 1752 ταῦτα
603 1699 885 1768 ἐνεδέχετο
943 1697 1096 1762 (quod
1152 1696 1422 1761 respondet
1477 1696 1531 1744 iis
1589 1713 1719 1759 quae

207 1783 440 1848 leguntur
489 1783 551 1830 ib.
605 1783 635 1844 ἓ
694 1798 710 1828 1
755 1786 779 1830 ὁ
813 1779 892 1847 μὲν
930 1785 1119 1830 τοσαῦτα
1156 1777 1276 1829 εἰπὼν
1315 1777 1410 1828 οὐκ
1449 1775 1612 1828 ἔπειθε
1649 1778 1720 1827 τὸν

211 1863 438 1927 Ἀλκιθοιν)
489 1875 540 1912 et
589 1862 674 1910 VII
724 1878 806 1922 49,
863 1877 886 1908 2
941 1865 965 1910 ὁ
1013 1859 1060 1910 δὲ
1098 1860 1372 1927 Δημοσθένης
1408 1860 1495 1928 περὶ
1533 1857 1611 1925 μὲν
1649 1864 1724 1909 τοῦ

212 1949 534 2016 προσκαθῆσθαι
555 1942 664 1994 οὐδ’
701 1948 948 1994 ὁπωσοῦν
978 1941 1272 2009 ἐνεδέχετο
1292 1939 1450 2005 (τούκ
1472 1939 1646 1991 ἐπείθετο
1666 1951 1723 2010 τῷ

215 2028 384 2094 Νικίᾳ).

287 2108 482 2156 Eodem
551 2107 653 2155 fere
717 2122 865 2153 sensu
931 2103 1069 2151 verbi
1124 2104 1535 2172 προσδέχεσθαι
1591 2104 1726 2167 impf.

219 2207 330 2238 cum
379 2188 648 2253 negatione
698 2187 1013 2250 conjunctum
1053 2184 1314 2232 adhibetur
1352 2185 1398 2231 V
1446 2202 1521 2246 14,
1571 2202 1587 2232 1
1634 2185 1729 2248 (τὴν

220 2273 376 2322 ἐλπίδα
423 2279 500 2330 τῆς
538 2268 704 2338 ῥώμης)
743 2264 847 2338 ᾗπερ
883 2265 943 2317 οὐ
980 2267 1382 2334 προσεδέχοντο
1420 2266 1614 2335 πρότερον
1652 2263 1730 2326 τὰς

221 2350 411 2412 σπονδάς
467 2350 694 2416 („foedus
749 2349 912 2396 facere
963 2347 1374 2408 recusave1·ant’'3
1426 2364 1732 2411 quamquam

224 2434 359 2482 notio
410 2432 647 2497 plqpfecti
699 2430 860 2479 Latini
909 2429 1183 2493 requiritur,
1236 2439 1403 2476 tamen
1442 2429 1595 2492 irnpf.,
1637 2446 1734 2477 non

226 2515 451 2573 aoristus,
504 2513 765 2562 adhibetur
802 2528 902 2575 quo
941 2509 1117 2558 elarius
1154 2510 1228 2558 vis
1268 2510 1543 2574 paratatica
1583 2511 1737 2574 expri-

229 2599 409 2661 matur)
457 2606 508 2644 et
555 2595 649 2642 VII
701 2596 781 2654 83,
841 2609 864 2640 2
915 2590 971 2642 οὐ
1009 2592 1411 2660 προσεδέχοντο
1449 2590 1547 2651 τοὺς
1585 2592 1740 2659 λόγους

229 2679 257 2726 1.
290 2695 332 2726 6.
387 2677 610 2740 accipere
660 2674 956 2722 recusabant
1005 2673 1054 2720 id
1092 2672 1227 2736 quod
1266 2673 1433 2720 Nicias
1471 2672 1526 2720 iis
1564 2689 1742 2735 propo-

231 2760 397 2808 nebat.
450 2758 688 2823 Ejusdem
740 2755 877 2804 verbi
928 2754 1025 2802 ind.
1078 2771 1180 2802 aor.
1231 2754 1499 2818 negatione
1549 2754 1743 2817 adjecta

234 2851 370 2890 extat
407 2838 753 2889 tantummodo
795 2837 863 2885 III
906 2851 989 2897 95,
1034 2852 1057 2883 2
1101 2835 1309 2896 κοινώσας
1348 2834 1394 2886 δὲ
1434 2835 1745 2902 (Δημοσθένης)

1578 2933 1618 2966 13
