2119 3342
1053 231 1117 277 30

327 366 511 414 cadunt
560 363 716 411 verba
768 357 1123 416 accusandi,
1175 353 1312 403 velut
1356 354 1631 421 ἐγκαλεῖν,
1676 352 1844 400 αἰτιᾶ-

327 451 469 506 σθαι,
505 445 681 508 quibus
720 458 881 505 aeque
918 439 1104 503 petitio,
1145 437 1234 485 sed
1272 453 1420 483 sensu
1450 430 1708 490 translato,
1748 429 1843 493 sig-

329 527 567 575 nificatur.
615 524 708 571 His
746 520 1046 585 imperfectis
1084 518 1241 566 lector
1279 525 1524 574 monetur,
1565 523 1618 560 ut
1656 511 1845 559 tamdiu

331 609 577 657 actionem
629 603 830 669 petendi
882 602 1047 650 animo
1099 599 1342 657 attendat,
1395 597 1512 643 dum
1561 594 1624 641 de
1663 601 1847 640 eventu

330 689 580 754 petitionis
619 686 798 734 certior
836 684 936 731 fiat.
1476 690 1479 691 ’

401 770 625 819 Tertium
673 767 810 831 quod
859 766 954 813 huc
1005 762 1217 827 pertinet
1265 777 1425 825 genus
1475 754 1749 821 imperfecti
1794 753 1850 800 iis

332 852 452 901 locis
490 850 715 909 occurrit,
751 847 927 912 quibus
959 844 1319 908 imperfectum,
1354 851 1407 888 ut
1426 840 1494 887 ita
1515 839 1692 896 dicam,
1716 851 1852 883 mere

334 933 609 999 paratatice
647 940 937 993 usurpatum
978 936 1067 985 est,
1108 925 1137 972 i.
1162 941 1204 972 e.
1246 922 1493 987 quando
1533 920 1649 982 imp
1667 917 1852 966 erfec-

335 1026 396 1063 to
445 1013 681 1062 animus
731 1008 992 1057 lectoris
1044 1023 1159 1053 non
1201 1005 1274 1052 ad
1312 1003 1506 1066 ipsam
1546 999 1853 1048 actionem

337 1094 703 1152 attenditur,
753 1090 859 1138 sed
898 1089 1011 1136 hoc
1050 1084 1468 1134 tantummodo
1506 1081 1705 1130 lector
1745 1096 1854 1127 mo-

339 1187 532 1235 netur,
591 1184 924 1236 antequam
973 1169 1048 1216 ad
1091 1167 1257 1215 aliud
1309 1165 1454 1229 quid
1504 1177 1856 1211 commemo-

340 1258 596 1307 randum
672 1262 1041 1310 transeatur,
1108 1249 1304 1297 adhuc
1369 1245 1621 1309 aliquid,
1696 1241 1857 1306 quod

343 1336 800 1406 quodammodo
841 1351 969 1381 cum
1008 1331 1181 1380 verbi
1221 1329 1469 1377 actione
1503 1326 1856 1383 cohaereat,

342 1430 743 1471 memoratum
791 1416 878 1464 iri.
930 1411 1161 1476 Exempli
1211 1410 1374 1475 gratia
1419 1408 1574 1456 affero
1613 1406 1733 1453 VIII
1777 1408 1857 1466 85,

351 1521 401 1552 1:
442 1507 466 1553 ὁ
503 1501 549 1552 δὲ
589 1497 819 1567 Ἀστύοχος
860 1496 1100 1555 ἀπέπλει;
1136 1503 1251 1557 post
1287 1490 1565 1553 longiorem
1600 1487 1862 1552 digressio-

342 1602 473 1644 nem,
526 1599 626 1646 qua
672 1597 750 1628 res
797 1587 1061 1626 narrantur
1109 1592 1239 1638 quae
1291 1573 1354 1621 ad
1405 1572 1564 1635 ipsam
1614 1569 1862 1617 actionem

342 1673 416 1718 τοῦ
454 1665 656 1716 ἀποπλεῖν
693 1679 793 1709 non
833 1659 1081 1724 pertinent
1119 1657 1208 1704 sed
1246 1655 1403 1702 laxius
1443 1670 1555 1701 cum
1593 1669 1655 1700 ea
1687 1651 1863 1698 cohae-

344 1758 469 1804 rent,
503 1745 723 1810 sequitur
756 1744 804 1806 (ἓ
825 1744 901 1806 4):
924 1746 947 1791 ὁ
965 1740 1044 1808 μέν
1066 1731 1140 1789 οὖν
1162 1734 1396 1805 Ἀστύοχος
1417 1739 1491 1786 καὶ
1512 1737 1550 1785 οἱ
1571 1735 1775 1789 Μιλήσιοι
1796 1761 1865 1767 ——

347 1829 694 1881 ἀπέπλευσαν
727 1826 767 1884 ἐς
797 1823 876 1880 τὴν
909 1823 1244 1888 Λακεδαίμονα.
1277 1817 1625 1881 Imperfectum
1647 1825 1697 1863 et
1717 1813 1865 1861 aoris-

346 1922 426 1959 tus
476 1909 670 1973 (ἀπέπλει
703 1936 772 1942 —-
811 1903 1102 1966 ἀπέπλευσαν)
1143 1901 1278 1965 quod
1317 1900 1382 1947 ad
1420 1899 1577 1962 ipsam
1619 1896 1864 1944 actionem

346 1999 421 2044 τοῦ
460 1991 661 2042 ἀποπλεῖν
702 1987 893 2046 attinet,
934 2001 1134 2048 prorsus
1173 1983 1304 2030 idem
1344 1979 1650 2044 significant,
1692 1978 1866 2041 imper-

349 2074 478 2123 fecto
518 2081 685 2120 autem
723 2067 1030 2133 significatur
1069 2064 1404 2113 narrationem
1443 2062 1506 2109 de
1544 2078 1605 2109 ea
1644 2077 1697 2108 re
1736 2075 1867 2122 quae

350 2165 589 2204 tractatur
637 2168 736 2199 non
787 2150 855 2198 ita
900 2165 1009 2196 esse
1048 2145 1345 2204 absolutam,
1386 2155 1440 2192 ut
1471 2144 1577 2207 jam
1617 2141 1681 2189 ad
1720 2140 1868 2188 aliam

352 2254 457 2285 rem
507 2233 731 2297 scriptori
781 2230 991 2279 transire
1042 2228 1201 2276 liceat.
1259 2225 1560 2290 Hujusmodi
1599 2223 1747 2287 igitur
1785 2222 1868 2268 im-

353 2317 624 2382 perfectum
665 2312 1038 2362 attentivum
1071 2327 1215 2366 voco,
1257 2309 1284 2356 i.
1309 2324 1350 2356 e.
1392 2305 1734 2369 imperfectum
1769 2319 1868 2367 quo

356 2397 472 2447 nihil
501 2397 590 2444 nisi
619 2395 812 2443 animus
843 2391 1040 2440 lectoris
1070 2390 1339 2438 attenditur
1371 2389 1435 2436 ad
1468 2404 1580 2435 eam
1613 2403 1718 2433 rem
1741 2400 1870 2448 quae

355 2489 610 2535 tractatur,
646 2493 744 2524 non
785 2474 850 2522 ad
889 2474 1048 2536 ipsam
1085 2471 1225 2519 verbi
1265 2471 1527 2518 actionem.

429 2558 691 2608 Peculiaris
746 2552 1020 2618 imperfecti
1070 2570 1186 2600 usus
1238 2562 1328 2611 est,
1380 2550 1461 2598 ubi
1511 2548 1691 2612 legitur
1741 2563 1872 2594 cum

360 2641 698 2705 negatione
767 2636 1164 2700 conjunctum
1219 2632 1462 2698 ejusmodi
1519 2630 1638 2678 locis
1696 2628 1872 2692 quibus

360 2724 596 2772 aoristum
618 2728 980 2783 exspectamuS,
1003 2714 1140 2764 velut
1162 2717 1180 2762 Ι
1206 2720 1287 2776 65,
1319 2732 1335 2762 1
1365 2717 1421 2774 ὡς
1451 2710 1593 2763 δὀὐκ
1621 2708 1784 2761 ἔπειθε
1806 2738 1873 2744 --

360 2803 542 2856 ἔκπλουν
571 2808 772 2853 ποιεῖται;
807 2815 919 2846 curn
950 2797 1027 2844 hic
1060 2796 1245 2860 aliquid
1267 2794 1548 2844 absolutum
1571 2801 1873 2840 memoretur

361 2885 510 2949 („hoc
578 2899 689 2931 cum
749 2878 1049 2944 persuadere
1106 2895 1204 2925 non
1262 2874 1575 2940 potuisset’'),
1636 2872 1871 2922 aoristum
