2119 3342
1059 185 1122 229 66

331 330 550 389 casibu33
598 327 658 376 cf.
710 326 831 374 VIII
890 340 965 386 14,
1024 324 1096 387 1),
1146 331 1250 370 111111
1299 328 1559 384 protaseos
1599 316 1850 381 praedica-

332 422 435 459 tum
492 419 568 458 est
624 407 876 472 optativus
930 404 1185 453 iterativus
1243 400 1398 466 (velut
1453 400 1574 448 locis
1627 397 1852 462 proxime

333 491 579 554 laudatis),
638 490 759 550 sive,
823 504 985 551 aeque
1042 503 1099 534 ac
1155 484 1454 548 apodoseos,
1512 480 1853 545 imperfectum

334 573 628 630 iterativum,
681 569 817 619 velut
867 569 912 616 II
968 583 1049 630 52,
1095 583 1118 614 2
1161 564 1392 617 ἔθαπτον
1432 562 1478 614 δὲ
1518 566 1585 622 ὡς
1622 559 1859 619 ἕκαστος

335 651 566 705 ἐδύνατο
605 663 656 701 01
694 651 764 699 IV
807 665 887 712 35,
935 666 959 697 2
1001 649 1114 700 ὅσοι
1152 646 1231 716 μὲν
1269 647 1592 714 ὑποχωροῦντες
1630 644 1857 711 ἐγκατε-

337 731 718 803 λοιμβοῖνοντο,
758 731 1132 800 οἷπέθνῃσκον.

411 815 526 865 Huc
555 815 803 879 pertinent
832 813 982 861 etiam
1016 811 1064 858 hi
1098 811 1196 858 duo
1226 809 1345 857 loci:
1382 808 1452 855 IV
1478 809 1557 866 28,
1585 823 1609 868 3
1642 809 1680 856 οἱ
1706 805 1770 866 δέ,
1792 834 1860 840 ——

339 898 439 965 ὅσῳ
476 901 696 964 μᾶλλον
735 900 758 945 ὁ
797 894 943 944 Κλέων
983 892 1247 960 ὑπέφευγε
1285 891 1356 940 τὸν
1394 894 1526 939 πλοῦν
1566 891 1641 938 καὶ
1682 890 1861 947 ἐξανε-

339 977 501 1048 χώρει
538 973 594 1028 τὰ
634 976 850 1045 εἰρημένα,
888 974 1024 1041 τόσῳ
1064 968 1450 1024 ἐπεκελεύοντο
1479 980 1538 1041 τῷ
1572 971 1706 1036 Νικίᾳ
1738 972 1861 1028 κτλ.,

339 1060 459 1107 VIII
499 1075 577 1120 24,
618 1075 651 1119 4
688 1057 788 1125 ἕσῳ
829 1057 1084 1108 ἐπεδίδου
1124 1058 1151 1110 ἡ
1190 1054 1312 1113 πόλις
1345 1050 1489 1112 αὐτοῖς
1521 1052 1583 1102 ἐπὶ
1615 1050 1662 1101 τὸ
1694 1056 1861 1118 μεῖζον,

339 1141 474 1208 τόσῳ
513 1144 589 1190 καὶ
627 1141 960 1206 ἐκοσμοῦντο
998 1134 1283 1205 ἐχυρώτερον,
1324 1134 1501 1198 quibus
1532 1131 1652 1181 locis
1682 1143 1785 1180 tam
1817 1132 1864 1179 in

341 1221 527 1286 protasi
557 1236 709 1284 quam
731 1219 778 1267 in
802 1217 1014 1282 apodosi
1034 1216 1333 1280 imperfectis
1353 1215 1694 1278 exprimuntur
1715 1213 1862 1261 actio-

343 1320 431 1351 nes
460 1302 507 1349 in
539 1300 742 1365 singulis
764 1299 1139 1364 repetitionibus
1160 1297 1321 1361 magis
1342 1295 1604 1359 magisque
1625 1294 1859 1342 intentae.

417 1383 765 1446 Imperfectum
816 1397 1013 1444 semper
1062 1379 1344 1427 iterativum
1401 1387 1491 1435 est,
1550 1376 1632 1424 ubi
1688 1374 1868 1439 legitur

345 1465 579 1529 adjuncta
607 1461 847 1527 particula
880 1465 997 1512 αἰεί.
1041 1460 1133 1508 Cui
1170 1459 1283 1507 voci
1321 1459 1404 1506 ubi
1442 1468 1640 1522 tempus
1678 1456 1869 1504 histori-

345 1562 458 1594 cum
505 1544 807 1609 adjungitur,
848 1541 1141 1607 plerumque
1179 1541 1228 1588 id
1267 1550 1463 1603 tempus
1502 1549 1577 1586 est
1615 1537 1869 1601 imperfec-

345 1638 450 1677 tum
483 1626 817 1690 (iterativum).
853 1624 973 1672 Loci
1006 1623 1140 1687 apud
1174 1632 1396 1669 nostrum
1428 1621 1523 1668 huc
1563 1620 1868 1684 pertinentes

347 1719 460 1758 sunt
509 1709 581 1756 hi:
633 1708 652 1755 I
709 1724 753 1765 2,
811 1723 836 1768 3
885 1716 934 1754 et
975 1706 1382 1767 5,13,5,18,
1432 1720 1484 1764 1,
1527 1706 1608 1762 60,
1655 1718 1709 1762 2,
1760 1714 1868 1762 107,

351 1807 408 1852 3,
442 1790 486 1837 II
529 1804 604 1851 15,
650 1805 700 1849 1,
740 1804 819 1848 22,
859 1803 912 1848 2,
955 1789 1036 1846 88,
1076 1786 1229 1846 2,ΙΙΙ
1269 1801 1349 1846 23,
1389 1801 1443 1845 2,
1481 1788 1562 1844 64,
1598 1800 1655 1844 4,
1695 1796 1774 1845 77,
1819 1800 1868 1843 1,

351 1872 419 1919 IV
462 1887 644 1934 32143
688 1885 767 1931 531
813 1886 866 1930 23
910 1883 990 1930 55³
1037 1884 1089 1928 23
1133 1869 1212 1928 78,
1258 1883 1314 1926 23
1358 1866 1403 1912 V
1447 1881 1527 1926 39›
1574 1881 1629 1925 23
1675 1864 1744 1911 VI
1788 1879 1868 1925 531

342 1969 403 2016 3,
446 1955 527 2010 88,
575 1969 626 2013 Ι,
674 1968 756 2011 99,
806 1968 822 1998 1
869 1951 989 2013 (quo
1027 1948 1138 1997 loco
1177 1958 1381 2012 propter
1418 1964 1596 1995 vocem
1637 1950 1721 1996 αἰεί
1753 1963 1866 1993 cum

350 2034 596 2082 Vaticano
645 2032 779 2095 impf.
832 2032 1134 2100 παρέβαλλον
1180 2029 1449 2093 legendum
1491 2038 1579 2086 est,
1623 2044 1721 2074 non
1761 2043 1865 2074 aor.

348 2116 621 2184 παρέβαλον
655 2131 805 2180 quem
839 2112 987 2160 ceteri
1017 2111 1161 2159 codd.
1197 2110 1458 2169 exhibent3
1501 2126 1676 2157 omnes
1715 2108 1869 2155 edito-

351 2214 445 2257 reS,
477 2195 612 2260 quod
640 2195 809 2254 sciam,
840 2193 1182 2257 imperfectum
1213 2192 1552 2255 receperunt);
1582 2190 1678 2237 VII
1705 2203 1784 2252 71,
1811 2205 1836 2250 3
1860 2213 1870 2250 ,

351 2278 471 2325 VIII
525 2281 608 2339 69,
669 2293 720 2337 1,
776 2279 856 2336 85,
911 2291 955 2336 3.
1008 2274 1122 2322 Huc
1160 2274 1409 2337 pertinent
1447 2272 1597 2320 etiam
1636 2272 1736 2318 duo
1775 2269 1869 2318 loci

354 2360 531 2425 quibus
562 2357 869 2423 plqpfectum
901 2355 1012 2404 voci
1044 2359 1126 2406 αἰεί
1156 2355 1444 2419 adjunctum
1478 2364 1579 2402 est:
1616 2353 1684 2400 IV
1721 2356 1801 2413 56,
1844 2368 1867 2399 2

355 2438 589 2492 ἕστασαν
636 2439 723 2502 (sic
762 2437 892 2485 enim
930 2436 1047 2501 lego
1088 2453 1199 2483 cum
1238 2435 1444 2499 Steupio
1485 2445 1533 2482 et
1573 2433 1874 2497 quibusdam

356 2521 517 2580 codd.³
550 2537 648 2568 non
681 2523 901 2571 ἑστᾶσιν
933 2518 1068 2581 quod
1102 2516 1299 2564 Hudius
1328 2534 1356 2564 e
1378 2515 1552 2564 ceteris
1573 2515 1717 2563 codd.
1743 2531 1872 2562 rece-

358 2603 447 2667 pit)
477 2612 528 2651 et
559 2604 640 2661 80,
679 2617 704 2663 3
740 2600 1134 2659 καθειστήκει,
1165 2597 1403 2662 plqpfecti
1437 2597 1567 2645 enim
1587 2597 1662 2644 vis
1682 2607 1873 2659 tempo-

359 2683 473 2732 ralis
521 2683 701 2732 eodem
748 2682 874 2730 redit
925 2690 1077 2744 atque
1129 2679 1414 2743 imperfecti.
1463 2678 1628 2727 Semel
1666 2688 1875 2734 tantum,

360 2765 449 2813 nisi
500 2763 657 2824 fallor,
695 2763 807 2812 voci
847 2766 929 2813 αἰεί
964 2761 1176 2810 aoristus
1214 2761 1477 2825 adjunctus
1515 2770 1618 2808 est:
1662 2759 1680 2805 I
1730 2762 1805 2818 18,
1849 2774 1875 2819 3

362 2845 464 2897 ὥστε
503 2844 586 2896 οἷπο
624 2855 708 2897 τῶν
748 2846 960 2902 Μηδικῶν
1000 2844 1041 2904 ἐς
1079 2843 1199 2894 τόνδε
1239 2843 1341 2893 αἰεὶ
1380 2842 1451 2893 τὸν
1491 2842 1677 2908 πόλεμον
1715 2837 1769 2891 τὰ
1800 2838 1879 2908 μὲν
