2119 3342
899 208 960 254 95

168 331 420 398 ἐπεκράτουν
451 343 527 394 τῆς
560 332 782 394 θαλοίσσης
811 336 885 385 καὶ
917 332 1015 394 τοὺς
1043 344 1125 385 τῶν
1160 338 1386 402 Κορινθίων
1413 332 1685 403 ξυμμάχους

168 414 425 474 ἐπιπλέοντες
463 412 697 483 ἔφθειρον
731 414 893 478 (lectio
922 415 1238 462 Laurentiani
1268 413 1476 483 ἔφθειραν
1507 412 1678 479 procul

169 495 302 542 omni
352 495 501 542 dubio
552 494 728 543 vitiosa
778 506 853 543 est
903 513 1064 559 neque
1116 497 1177 543 ab
1226 495 1325 543 ullo
1377 496 1566 544 editore
1607 505 1682 543 est

167 577 411 639 recepta);
461 576 679 624 similiter
730 578 796 624 III
838 580 918 638 85,
960 594 1016 638 43
1060 593 1140 638 93,
1188 594 1239 638 23
1282 578 1343 625 ib.
1390 594 1414 638 3
1456 575 1503 627 οὐ
1541 577 1686 645 μέντοι

168 655 324 712 ἥκιστα
374 660 413 707 οἱ
460 654 664 725 ἄρχοντες
714 655 852 707 αὐτῶν
893 667 974 707 τῶν
1012 661 1376 725 Λακεδαιμονίων
1416 661 1454 708 οἱ
1486 655 1686 725 α’φικνού-

167 759 285 806 μενοι
322 734 375 788 to}
414 736 654 806 πράγματα
692 736 928 806 ἔφθειρον
967 738 995 786 i.
1020 756 1061 786 e.
1103 739 1177 800 „in
1208 756 1285 786 res
1319 738 1684 787 Heracleenses

168 816 518 878 insultabant”‚
573 837 672 883 quo
723 818 833 867 1000
881 820 1223 884 imperfectum
1266 831 1463 884 praeter
1500 820 1685 884 signifi-

168 900 413 948 cationem
445 901 727 949 conativam
758 901 907 949 etiam
941 902 1194 949 notionem
1224 902 1502 950 iterativam
1532 903 1686 950 habet

169 981 509 1044 (respiciuntur
546 983 864 1046 magistratus
905 983 1289 1031 Lacedaemonii
1329 984 1411 1047 qui
1451 984 1685 1047 deinceps

171 1062 471 1110 Heracleam
528 1064 973 1128 administrabant),
1022 1065 1145 1112 sicut
1190 1065 1432 1129 prioribus
1485 1083 1687 1129 quoque

169 1161 295 1207 quos
332 1143 532 1193 laudavi
570 1144 688 1193 locis
726 1147 1067 1209 imperfectum
1100 1146 1242 1194 simul
1276 1157 1350 1195 est
1377 1147 1685 1208 iterativum3

168 1225 238 1272 VI
305 1242 384 1287 34,
446 1229 473 1274 8
532 1229 713 1287 δικαίως
769 1228 1084 1295 κατεγνωκότες
1139 1228 1200 1278 ἔτι
1259 1226 1416 1287 αὐτοὺς
1472 1226 1520 1278 οὐ
1576 1226 1686 1296 μετὰ

168 1309 532 1375 Λακεδαιμονίων
572 1309 880 1376 ἐφθείρομεν
929 1327 1106 1373 „quam
1138 1309 1418 1373 opinionem
1454 1310 1516 1357 de
1545 1310 1686 1357 nobis

162 1388 272 1451 jure
320 1405 377 1436 ac
426 1389 601 1436 merito
653 1401 988 1454 conceperunt
1027 1409 1089 1438 ex
1128 1407 1204 1448 eo,
1247 1391 1383 1454 quod
1421 1392 1687 1453 perdere

169 1486 271 1517 eos
318 1486 432 1517 non
483 1471 857 1519 conabamur
905 1471 1046 1519 simul
1086 1489 1196 1519 cum
1238 1472 1683 1520 Lacedaemoniis'’

169 1549 329 1614 (,‚weil
379 1551 464 1598 wir
507 1551 664 1599 nichts
701 1571 758 1600 zu
797 1553 926 1600 ihrer
965 1553 1251 1617 Besiegung
1289 1564 1441 1616 getan
1481 1554 1679 1601 haben”

168 1631 277 1695 St.).
332 1632 519 1680 Passivi
569 1650 770 1697 quoque
817 1634 953 1697 impf.
993 1635 1177 1698 ubique
1215 1635 1310 1682 hoc
1348 1651 1496 1682 sensu
1536 1652 1680 1683 cona-

168 1712 272 1762 ῖίνο
305 1713 512 1761 occurrit
533 1715 605 1777 (=
628 1713 935 1783 βλοίπτεσθαι);
974 1716 992 1763 Ι
1028 1733 1070 1774 2,
1095 1732 1153 1776 43
1178 1716 1246 1762 ΙΙΙ
1270 1732 1351 1775 92,
1381 1732 1405 1777 3
1427 1739 1436 1777 3
1459 1716 1505 1762 V
1531 1731 1611 1778 52,
1644 1734 1682 1765 1.

171 1794 445 1858 Compositi
496 1797 836 1864 διαφθείρειν
887 1797 1021 1860 impf.
1071 1798 1354 1845 conativum
1406 1808 1542 1845 extat
1581 1808 1686 1845 tan-

167 1877 426 1924 tummodo
477 1876 523 1923 V
574 1890 653 1938 72,
711 1893 735 1938 3
789 1882 863 1929 καὶ
914 1879 1151 1938 ἐσπεσόντες
1202 1882 1240 1929 οἱ
1295 1888 1517 1939 Μαντινῇς
1573 1877 1687 1930 κατὰ

167 1959 214 2008 τὸ
264 1956 462 2008 διοέκενον
512 1962 586 2008 καὶ
632 1956 679 2008 οὐ
719 1959 989 2028 ξυγκλῃσθὲν
1027 1958 1125 2020 τοὺς
1162 1962 1540 2028 Λακεδαιμονίους
1579 1960 1686 2011 διέ-

169 2043 402 2107 φθειρον,
457 2039 592 2103 quod
641 2039 778 2102 impf.
826 2039 901 2088 Cl.
953 2051 1087 2089 recte
1136 2042 1306 2089 vertit:
1365 2041 1463 2103 „sie
1513 2042 1686 2090 thaten

168 2120 316 2168 ihnen
354 2137 561 2184 grossen
601 2120 885 2169 Schaden''.

241 2202 322 2249 De
370 2201 630 2264 compositi
680 2204 927 2270 διαφθείρειν
970 2203 1270 2266 imperfectis
1311 2203 1547 2252 iterativis
1586 2204 1684 2253 vid.

170 2299 319 2346 Supra
356 2284 385 2345 ἓ
423 2299 445 2329 2
482 2301 529 2345 p.
573 2285 653 2342 64.
696 2281 777 2330 De
810 2281 977 2331 formis
1015 2284 1174 2331 dubiis
1211 2283 1362 2353 ἔφθειρε
1401 2295 1451 2332 et
1488 2286 1687 2353 διέφθειρε

170 2365 230 2413 cf.
271 2364 393 2412 infra
432 2365 462 2427 g
505 2367 584 2411 26.

244 2445 314 2492 Ut
351 2462 500 2508 supra
538 2445 604 2508 (p.
651 2445 733 2508 28)
772 2444 996 2504 diximus,
1048 2463 1108 2494 ea
1153 2463 1355 2510 quoque
1396 2447 1686 2511 imperfecta

172 2544 302 2591 quae
352 2527 568 2574 indicant
618 2526 673 2573 in
730 2544 803 2574 eo
860 2527 1048 2575 fuisse
1105 2538 1166 2575 ut
1216 2527 1451 2592 aliquid
1502 2530 1689 2577 fieret

170 2608 404 2656 conativa
456 2608 548 2654 dici
600 2617 822 2670 possunt.
875 2608 1028 2673 Cujus
1075 2610 1346 2672 imperfecti
1398 2628 1512 2658 usus
1563 2611 1687 2664 haec

171 2688 403 2753 exempla
442 2689 679 2736 afferam:

242 2772 308 2818 III
370 2787 450 2831 24,
512 2786 537 2831 3
596 2768 952 2834 (Plataeenses)
1010 2773 1186 2840 κήρυκα
1242 2772 1547 2840 ἐκπέμψαντες,
1604 2774 1688 2823 ἐπεὶ

171 2853 316 2920 ἡμέρα
372 2853 546 2919 ἐγένετο,
595 2850 920 2903 ἐσπένδοντο
968 2852 1032 2916 (in
1086 2853 1250 2901 animo
1288 2853 1568 2902 habuerunt
1606 2870 1687 2917 pa-
