2119 3342
920 192 1013 236 119

200 315 278 363 hic
327 332 437 363 esse
482 333 623 364 usum
668 316 829 364 dicere
869 316 1156 380 poterimus,
1198 327 1251 364 ut
1288 317 1588 380 significaret
1626 317 1719 364 hac

209 396 273 444 de
324 413 376 444 re
426 397 587 445 adhuc
625 396 811 460 aliquid
851 398 1099 462 adjectum
1138 398 1207 457 iri,
1248 398 1383 461 quod
1422 398 1604 445 factum
1643 407 1719 445 est

201 477 264 525 ib.
326 479 356 540 ἓ
418 494 441 525 2
503 483 577 529 καὶ
635 477 961 530 ἀπέστειλαν
1017 478 1095 545 μὲν
1152 475 1409 546 Ἀντιφῶντα
1455 484 1567 539 κτλ.,
1620 495 1721 542 quo

200 559 384 607 aoristo
424 559 640 607 narratio
679 559 742 607 de
779 559 958 622 legatis
997 559 1155 606 missis
1194 558 1485 607 absolvitur.

270 639 499 688 Similiter
553 640 656 688 fere
712 640 797 686 VII
855 657 930 700 19,
983 656 1008 700 3
1063 640 1197 703 impf.
1250 639 1450 702 legitur:
1505 643 1541 691 οἱ
1589 637 1631 690 δ’
1679 641 1721 690 ἐν

201 721 511 788 Πελοποννήσῳ
578 720 909 772 α’πέστελλον
979 722 1071 789 περί
1122 721 1194 771 τὸν
1253 719 1382 771 αὐτὸν
1438 721 1595 791 χρόνον
1652 750 1720 756 --

199 799 298 862 τοὺς
347 806 523 862 ὁπλίτας
571 803 613 862 ἐς
648 801 725 858 τὴν
764 806 989 863 Σικελίαν;
1031 812 1299 866 postquam
1339 802 1490 850 fusius
1529 820 1715 851 memo-

202 894 363 932 ratum
402 893 477 931 est
516 893 637 947 quot
676 882 854 932 milites
892 900 922 931 a
961 884 1137 947 quibus
1176 884 1407 947 gentibus
1446 883 1578 931 missi
1607 884 1718 944 sint,

201 965 249 1012 in
287 965 343 1012 iis
382 982 511 1028 quae
550 975 821 1029 sequuntur
860 967 908 1029 (ξ
948 967 1001 1030 4)
1029 965 1213 1013 aoristo
1248 964 1453 1013 militum
1482 965 1721 1029 profectio

203 1046 482 1094 nuntiatur:
535 1038 647 1097 οὗτοι
692 1045 771 1114 μὲν
821 1037 896 1097 οὖν
948 1076 1015 1082 -—
1065 1048 1106 1107 ἐς
1155 1046 1201 1097 τὸ
1252 1047 1442 1114 πέλαγος
1493 1046 1722 1114 α’φεῖσαν

202 1127 366 1191 (codd.
416 1126 622 1195 α’φῆκανς
672 1145 793 1175 corr.
850 1127 1052 1191 Herw.).
1107 1129 1254 1190 Quae
1292 1128 1366 1175 vis
1405 1128 1571 1176 aoristi
1611 1145 1722 1176 con-

202 1209 385 1258 stativa
449 1209 599 1256 etiam
670 1209 797 1257 inest
865 1209 1048 1257 aoristo
1120 1210 1200 1274 qui
1268 1210 1447 1257 deinde
1514 1209 1720 1273 legitur:

202 1290 530 1342 α’πέστειλαν
585 1289 634 1340 δὲ
689 1295 764 1341 καὶ
819 1289 1037 1341 Σικυώνιοι
1094 1293 1343 1351 διακοσίους
1392 1295 1569 1351 ὁπλίτας
1625 1295 1722 1342 κτλ.

206 1371 284 1419 Cf.
339 1371 424 1417 VII
479 1387 558 1431 20,
616 1387 639 1418 2
696 1375 770 1422 καὶ
819 1372 890 1422 τὲν
943 1371 1191 1439 Δημοσθένη
1231 1373 1272 1432 ἐς
1307 1371 1385 1428 τὴν
1424 1375 1618 1422 Σικελίαν
1657 1401 1724 1407 --

205 1451 538 1506 οἷπέστελλον
589 1457 712 1503 κτλ.;
762 1452 898 1516 impf.
953 1464 1228 1517 usurpatur,
1269 1453 1385 1517 quia
1423 1453 1724 1502 enumeratis

204 1534 356 1597 copiis
413 1551 542 1598 quae
599 1534 954 1583 Demosthenis
1005 1535 1211 1599 imperio
1263 1544 1376 1583 sunt
1427 1534 1723 1583 commissae

202 1616 310 1680 ipsa
359 1615 560 1663 demum
598 1616 837 1680 profectio
877 1617 1128 1664 nuntiatur
1167 1618 1215 1680 (ἓ
1258 1619 1331 1681 3):
1374 1619 1454 1668 και1
1490 1622 1515 1667 ὁ
1549 1616 1629 1685 μὲν
1671 1626 1719 1667 Δ.

205 1698 246 1758 ἐς
282 1696 360 1754 τὴν
398 1703 578 1765 Αἴγιναν
616 1694 910 1766 προσπλεύσας
943 1703 1037 1748 κτλ.
1075 1699 1264 1747 Contra
1293 1699 1355 1747 ib.
1391 1700 1421 1761 ἓ
1463 1715 1479 1746 1
1521 1699 1721 1747 navium

206 1777 373 1826 missio
426 1776 710 1842 simpliciter
759 1779 1009 1827 nuntiatur
1059 1779 1268 1828 aoristo:
1318 1782 1356 1830 οἱ
1404 1776 1617 1838 Ἀθηναῖοι
1657 1808 1724 1816 —-

206 1862 297 1927 περί
331 1880 373 1909 τε
412 1858 737 1917 Πελοπόννησον
777 1866 883 1920 ναῦς
921 1859 1153 1928 τριάκοντα
1191 1858 1444 1912 ἔστειλαν
1484 1864 1578 1911 κτλ.
1621 1860 1723 1924 (qui

209 1940 418 1988 aoristus
464 1940 725 1988 adhibetur
774 1941 923 1989 etiam
976 1942 1020 1987 II
1072 1945 1153 2002 69,
1214 1958 1263 2002 13
1304 1941 1373 1988 ΙΙΙ
1417 1944 1497 2001 86,
1547 1958 1600 2003 13
1642 1957 1724 2002 91,

217 2038 257 2069 1.
309 2021 531 2069 Verbum
568 2021 777 2086 simplex
816 2022 1000 2073 στέλλειν
1038 2021 1153 2070 alibi
1191 2023 1325 2086 apud
1365 2033 1586 2070 nostrum
1625 2039 1724 2070 non

209 2102 453 2166 occurrit).

283 2183 398 2231 Hoc
467 2201 668 2248 quoque
733 2184 1075 2248 imperfectum
1141 2185 1437 2233 attentivum
1494 2184 1723 2232 dixerim:

212 2265 277 2312 III
335 2281 446 2326 103,
510 2282 526 2313 1
583 2265 883 2334 προσέβαλλον
903 2266 952 2330 1)‚
1004 2270 1079 2317 καὶ
1127 2269 1184 2326 ὡς
1234 2264 1312 2317 οὐκ
1354 2263 1561 2316 ἐδύναντο
1599 2270 1722 2327 ἑλεῖν,

211 2345 450 2417 οἷπῇσαν.
490 2346 644 2394 Verbi
685 2346 908 2399 οἷπιέναι
947 2358 1150 2411 propter
1189 2348 1287 2395 vim
1320 2358 1725 2396 momentaneam

211 2427 317 2492 ejus
355 2427 491 2491 quod
529 2438 604 2475 est
640 2428 853 2489 „abire’',
897 2428 1215 2490 „decedere’'‚
1250 2429 1386 2493 impf.
1421 2429 1592 2493 paucis
1623 2439 1728 2476 tan-

210 2518 316 2556 tum
359 2507 478 2556 locis
517 2510 590 2574 (6)
613 2509 647 2572 Ξ)
687 2520 963 2573 usurpatur,
1004 2528 1115 2558 cum
1153 2510 1251 2559 ind.
1294 2527 1396 2558 aor.
1443 2513 1504 2571 38
1545 2509 1726 2558 inveni-

263 2631 297 2675 1)
321 2631 376 2664 Sic
402 2630 534 2674 (impf.)
561 2636 652 2663 recte
678 2630 817 2662 Hudius
843 2641 920 2663 cum
945 2631 1045 2663 codd.
1072 2631 1231 2675 optimis3
1257 2631 1305 2664 St.
1332 2641 1408 2663 cum
1430 2631 1530 2663 codd.
1554 2630 1728 2663 deteriori-

211 2689 276 2721 bus
302 2689 389 2732 legit
413 2687 619 2729 προσέβαλον
645 2687 758 2731 (aon).
787 2687 840 2720 Cf.
866 2688 954 2720 infra
978 2688 995 2731 ἓ
1021 2695 1076 2731 25.
1204 2687 1207 2688 ’

260 2746 298 2790 2)
323 2747 412 2780 Nam
444 2747 494 2779 IV
530 2754 585 2790 39,
621 2756 640 2779 2
676 2757 746 2778 non
778 2744 927 2788 ἀπῇα-αν
959 2746 1054 2789 quod
1088 2757 1207 2779 ornnes
1232 2746 1333 2780 codd.
1359 2746 1538 2789 exhibent,
1561 2746 1625 2778 sed
1648 2756 1728 2778 cum

214 2805 348 2838 Cobeto
382 2810 416 2838 et
447 2805 638 2837 editoribus
673 2805 924 2838 recentioribus
958 2802 1107 2840 ἀπῆσαν
1139 2804 1328 2848 legendum
1365 2808 1417 2837 est
1448 2803 1507 2848 (de
1543 2815 1611 2848 qua
1637 2814 1672 2837 re
1696 2803 1742 2837 ef.

219 2873 298 2896 ann.
325 2863 373 2896 St.
398 2863 442 2896 ad
466 2862 608 2906 locum).
