2119 3342
897 193 960 242 97

243 327 309 373 VI
367 342 406 383 1,
455 342 472 372 1
518 321 676 392 ἄπειροι
715 325 753 374 οἱ
790 323 940 374 πολλοὶ
981 320 1095 382 ’ὄντες
1132 350 1200 357 —
1240 321 1299 372 ἔτι
1338 319 1385 371 οὐ
1423 324 1568 390 πολλῷ
1604 339 1683 369 τινι

170 407 464 475 ὑποδεέστερον
484 405 668 472 πόλεμον
702 403 802 471 οἷν-ῃ
816 409 1007 472 ροῦντο
1034 403 1060 457 ἢ
1085 403 1154 453 τὸν
1175 402 1275 471 πρὸς
1297 404 1679 460 Πελοποννησίους,

170 489 305 553 quod
337 487 471 551 impf.
507 496 636 534 recte
669 485 739 533 St.
775 484 922 532 vertit
961 484 1105 545 „dass
1133 484 1203 531 sie
1235 501 1292 530 zu
1324 482 1682 530 unternehmen

169 571 234 619 im
274 569 464 635 Begriff
494 565 710 616 waren’'.

240 650 471 699 Similiter
516 649 587 695 VI
640 663 720 709 30,
778 663 801 694 2
852 643 1157 714 ἐνθυμούμενοι
1203 646 1301 697 ὅσον
1347 649 1480 696 πλοῦν
1526 646 1573 694 ἐκ
1609 653 1686 703 τῆς

169 734 367 802 σφετέρας
434 730 861 782 οἷπεστέλλοντο;
931 727 1210 790 cogitantes
1266 742 1418 790 quam
1474 724 1681 789 longum

169 815 261 863 iter
298 812 472 862 facturi
511 820 692 859 essent.

239 896 310 943 VI
351 912 433 955 99,
476 911 491 941 1
528 894 808 962 παρέβαλλον
842 892 905 941 ἐπὶ
938 890 1008 940 τὸν
1039 893 1254 959 Τρώγιλον
1288 886 1556 957 καλούμενον
1587 890 1682 947 αἰεί,

169 974 271 1046 ᾗπερ
324 973 603 1045 βραχύτατον
655 975 900 1040 ἐγίγνετο
957 969 1103 1031 αὐτοῖς
1159 972 1205 1034 (i.
1239 988 1281 1019 e.
1339 970 1683 1018 brevissimum

169 1059 384 1107 futurum
435 1057 561 1120 erat)
611 1057 658 1105 ἐκ
703 1060 777 1105 τοῦ
822 1052 1016 1122 μεγάλου
1068 1054 1239 1121 λιμένος
1288 1054 1355 1104 ε’πί
1402 1052 1479 1109 τὴν
1536 1052 1684 1118 ἑτέραν

169 1139 394 1192 θάλασσαν
438 1139 483 1188 τὸ
534 1137 844 1205 α’ποτείχισμαῑ
895 1145 1030 1183 recte
1080 1133 1231 1183 schol.
1281 1150 1458 1182 vocem
1499 1134 1684 1201 ἐγίγνετο

167 1221 315 1270 vertit
374 1218 598 1288 ἔμελλεν
656 1216 869 1268 ἔσεσθαι
927 1217 1004 1280 (ef.
1065 1233 1178 1264 ann.
1233 1216 1303 1263 St.
1357 1215 1421 1262 ad
1471 1213 1684 1278 locum)3

169 1302 388 1351 similiter
445 1317 556 1361 101,
614 1316 629 1347 1
685 1300 886 1367 ἐτείχιζον
935 1327 1004 1334 —
1051 1294 1153 1365 ᾗπερ
1204 1295 1349 1356 αὐτοῖς
1404 1293 1684 1365 βραχύτατον

170 1386 413 1452 ἐγίγνετο
458 1385 680 1450 καταβᾶσι
719 1377 794 1430 διὰ
831 1385 906 1430 τοῦ
942 1377 1112 1447 ὁμοίλου
1153 1380 1227 1429 καὶ
1265 1383 1340 1428 τοῦ
1377 1374 1499 1437 ἕλους
1537 1378 1577 1436 ἐς
1614 1376 1685 1426 τὸν

169 1466 325 1535 λιμένα
361 1465 407 1515 τὲ
447 1467 754 1531 περιτείχισμα.

241 1548 321 1595 De
353 1545 464 1595 loco
495 1545 588 1591 VII
632 1557 711 1606 71,
751 1556 776 1605 7
819 1540 1218 1610 (προσαπώλλυντο)
1251 1540 1357 1605 jam
1391 1555 1538 1603 supra
1571 1537 1686 1586 dixi-

170 1648 279 1678 mus
317 1648 364 1693 p.
411 1630 489 1675 28.

242 1711 325 1759 Ad
363 1721 638 1758 extremum
676 1707 771 1754 huc
810 1706 1081 1754 trahendos
1120 1714 1241 1769 puto
1281 1721 1368 1752 eos
1405 1702 1544 1751 locos
1583 1702 1681 1766 qui-

169 1794 262 1841 bus
301 1791 557 1856 participio
596 1789 947 1853 praesentis
986 1805 1086 1851 quo
1126 1785 1329 1834 consilio
1367 1784 1519 1849 legati
1552 1783 1683 1830 missi

171 1875 266 1922 sint
297 1873 616 1937 significatur,
650 1871 827 1933 quibus
859 1870 1003 1932 igitur
1036 1868 1156 1916 locis
1181 1866 1491 1931 participium
1522 1881 1687 1928 prae-

171 1955 364 2003 sentis
403 1971 494 2017 pro
532 1951 790 2016 participio
830 1950 1020 1998 futuri
1058 1949 1281 2012 usurpari
1321 1948 1529 1995 videtur.
1566 1946 1686 1994 Loci

171 2047 284 2084 sunt
334 2036 405 2083 hi:
457 2035 522 2081 III
568 2049 648 2095 52,
694 2049 717 2079 2
759 2032 1015 2101 προσπέμπει
1054 2028 1197 2089 αὐτοῖς
1236 2030 1414 2097 κήρυκα
1451 2028 1688 2095 λέγοντα

173 2119 275 2182 (qui
325 2117 556 2180 diceret)3
609 2131 739 2178 quae
788 2112 971 2160 locutio
1010 2112 1136 2159 redit
1174 2110 1267 2158 VII
1311 2126 1355 2171 3,
1405 2126 1451 2170 13
1490 2109 1559 2156 VI
1601 2110 1682 2165 88,

180 2218 239 2248 10
301 2200 490 2268 πρέσβεις
545 2197 719 2264 πέμπειν
775 2197 816 2254 ἐς
870 2191 1150 2262 Συρακούσας
1206 2191 1522 2250 κωλύοντας
1582 2190 1685 2253 (qui

174 2281 511 2346 prohiberent)
548 2278 611 2346 μὴ
652 2280 904 2345 ξυμβαίνειν
944 2272 1207 2335 Ἀθηναιόις;
1247 2273 1342 2320 VII
1387 2289 1410 2319 2
1422 2287 1465 2333 5,
1501 2289 1529 2332 9
1564 2269 1685 2338 ἔπεμ-

173 2372 259 2432 ψαν
308 2361 354 2413 δὲ
403 2365 477 2412 καὶ
528 2361 568 2419 ἐς
605 2355 682 2418 τὰς
719 2357 859 2417 πόλεις
897 2356 1092 2424 πρέσβεις
1130 2357 1169 2405 οἱ
1205 2354 1455 2423 Συρακόσιοι
1493 2381 1562 2388 —
1601 2351 1691 2419 α’γ-

174 2445 476 2512 γέλλοντας
542 2440 643 2504 (qui
708 2438 1007 2500 nuntiarent)
1072 2437 1150 2492 τήν
1207 2457 1248 2486 τε
1303 2440 1376 2486 τοῦ
1434 2437 1690 2502 Πλημυρίου

175 2530 303 2592 λῆψιν
343 2528 436 2574 κτλ.
454 2523 489 2587 1)

801 2614 1059 2623 -—--—-—-—

229 2750 262 2793 1)
288 2748 421 2781 Eodem
453 2746 556 2778 modo
591 2745 714 2777 Latine
749 2754 888 2786 quoque
924 2746 1012 2786 part.
1047 2752 1156 2784 praes.
1190 2739 1247 2771 hic
1280 2739 1352 2771 illic
1377 2741 1570 2779 usurpatur,
1597 2735 1692 2768 velut

177 2807 270 2849 apud
303 2807 440 2838 Livium
472 2804 557 2836 XXI
591 2803 624 2846 6,
659 2811 677 2834 2
715 2802 842 2845 „legati
876 2812 895 2833 a
928 2799 1133 2843 Saguntinis
1155 2799 1302 2830 Romam
1328 2796 1434 2839 missi..
1460 2794 1623 2826 auxilium
1651 2793 1694 2824 ad

178 2865 306 2897 bellum
335 2883 380 2888 —
405 2860 627 2895 orantes'’.

1527 2927 1569 2951 10
