2119 3342
865 190 925 247 65

164 334 244 390 68,
289 346 312 377 2
356 340 405 378 et
444 332 524 386 81,
568 345 612 377 2.
653 328 753 391 (De
791 326 961 375 formis
998 326 1156 373 dubiis
1193 323 1343 376 ἔκτεινε
1379 334 1427 372 et
1459 323 1678 375 α’πέκτεινε

159 411 258 459 vid.
299 411 422 459 infra
461 412 490 473 ἓ
533 414 623 470 26,
665 409 723 456 cf.
764 424 914 471 supra
953 425 999 471 p.
1041 408 1142 470 33.)

234 492 348 540 Huc
386 491 599 556 pertinet
630 490 780 538 etiam
811 489 947 551 impf.
982 487 1120 535 verbi
1155 486 1504 538 α’πόλλυσθοιι
1545 484 1681 549 quod

160 572 339 637 legitur
379 573 473 619 VII
513 588 595 633 44,
640 573 668 618 8
718 574 792 621 καὶ
831 569 1084 636 διωκόμενοι
1124 565 1242 618 κοιτοί
1275 589 1316 617 τε
1354 576 1435 617 τῶν
1476 575 1678 634 κρημνῶν

159 656 308 705 πολλοὶ
355 658 567 723 ῥίπτοντες
604 649 782 711 ἑαυτοὺς
823 648 1174 709 οἷπῶλλυντο,
1215 665 1315 712 quo
1354 646 1464 696 loco
1502 647 1677 711 imper-

160 735 342 783 fectum
395 733 674 799 singulorus
724 731 948 780 interitus
995 730 1206 794 respicit.
1261 730 1449 777 Contra
1499 728 1673 791 imper-

161 817 342 865 fectum
374 815 697 867 οἷπῶλλυντο
730 814 866 878 quod
894 813 940 860 in
970 813 1113 860 codd.
1145 811 1324 875 legitur
1344 828 1384 858 c.
1409 825 1492 872 45,
1520 826 1542 857 2
1568 810 1673 857 sine

160 899 311 946 dubio
349 915 460 946 curn
494 897 691 945 Cobeto
726 906 776 944 et
811 894 981 942 Hudio
1015 893 1308 941 mutandum
1342 902 1417 940 est
1449 892 1497 939 in
1529 891 1678 939 aoris-

161 992 265 1029 tum
304 979 616 1040 α’πῶλοντο,
656 977 867 1041 primum
913 975 1043 1023 enim
1083 984 1343 1022 eventus
1382 973 1445 1020 ibi
1478 988 1680 1036 pugnae

161 1071 594 1120 commemoratur,
647 1058 783 1123 quod
834 1056 962 1105 solet
1001 1056 1102 1104 fieri
1141 1055 1335 1103 aoristis
1373 1054 1674 1113 constativis‚

160 1154 264 1192 tum
303 1143 453 1191 etiam
493 1141 701 1189 aoristus
738 1139 999 1202 requiritur
1031 1137 1096 1185 ad
1130 1136 1507 1200 significandam
1539 1133 1678 1198 plqp-

161 1226 275 1273 fecti
338 1223 500 1271 Latini
566 1223 846 1282 notionem3
910 1230 1016 1267 tota
1081 1217 1442 1282 paragraphus,
1501 1216 1679 1264 Cobeti

161 1306 445 1371 conjectura
466 1314 683 1367 recepta,
707 1303 773 1350 sic
795 1319 848 1350 se
869 1301 1022 1349 habet
1041 1320 1048 1348 :
1084 1299 1360 1351 ἀπέθανον
1393 1297 1679 1361 (perierunt)

161 1387 208 1438 δὲ
245 1385 323 1437 οὐκ
361 1388 495 1453 ὀλίγοι
528 1383 667 1436 αὐτῶν
699 1406 741 1435 τε
776 1384 855 1434 καί
883 1392 965 1433 τῶν
999 1378 1268 1449 ξυμμάχων,
1301 1378 1416 1430 ἔπλοι
1446 1378 1589 1446 μέντοι
1622 1375 1678 1428 ἔτι

160 1472 288 1520 πλείω
321 1468 347 1522 ἢ
383 1464 498 1518 κατὰ
535 1464 634 1527 τοὺς
671 1463 844 1534 νεκροὺς
882 1464 1086 1530 ἐλήφθη
1127 1463 1294 1525 (capta
1331 1461 1489 1523 sunt)·
1525 1461 1564 1509 οἱ
1594 1456 1680 1527 ’γὰρ

162 1547 276 1601 κατὰ
338 1559 421 1599 τῶν
492 1557 693 1617 κρημνῶν
755 1546 1001 1615 βιασθέντες
1073 1540 1278 1594 ἅλλεσθαι
1338 1546 1451 1610 ψιλοὶ
1507 1543 1545 1591 οἱ
1599 1539 1678 1608 μὲν

161 1631 442 1683 α’πῶλοντο
477 1627 818 1693 (interfecti
839 1635 1032 1685 erant,
1068 1624 1204 1688 quod
1224 1622 1421 1685 respicit
1441 1621 1676 1690 διέφθειραν

163 1731 202 1762 c.
226 1730 309 1775 44,
335 1714 399 1777 8),
435 1714 473 1763 οἱ
504 1708 847 1769 δ’έσῶθησαν
882 1706 1118 1772 (periculo
1152 1706 1525 1768 evaserant).
1564 1703 1680 1750 Non

162 1796 308 1859 igitur
358 1794 483 1842 facio
535 1809 645 1840 cum
697 1790 939 1839 Classeno
980 1788 1063 1852 qui
1101 1786 1415 1835 conservavit
1454 1784 1679 1833 codicum

161 1876 424 1924 lectionem
464 1874 542 1937 (cf.
584 1872 658 1921 Cl.
701 1889 814 1920 ann.
857 1871 922 1919 ad
960 1870 1161 1932 locum).

235 1958 399 2021 Saepe
449 1964 721 2019 praeeunte
771 1954 818 2000 in
853 1951 1039 2016 protasi
1073 1949 1297 2013 optativo
1332 1948 1559 1996 iterativo
1599 1946 1682 1994 im-

163 2039 436 2103 perfectum
464 2036 744 2085 iterativum
777 2033 955 2097 legitur
987 2033 1033 2079 in
1059 2030 1283 2094 apodosi‚
1312 2027 1448 2077 velut
1476 2029 1517 2075 ΙΙ
1549 2042 1627 2090 79,
1653 2031 1682 2074 6

164 2125 238 2172 καὶ
280 2119 436 2170 ὁπότε
476 2117 554 2186 μὲν
598 2118 794 2168 ἐπίοιεν
833 2118 871 2165 οἱ
912 2112 1145 2173 Ἀθηναῖοι,
1185 2113 1524 2170 ἐνεδίδοσαν,
1559 2108 1683 2160 α’νοι·

164 2207 401 2270 χωροῦσι
440 2196 480 2250 δ’
519 2198 787 2249 ἐνέκειντο
827 2200 902 2246 καὶ
935 2193 1294 2254 ἐσηκόντιζον
1331 2192 1477 2255 (part.
1504 2189 1684 2258 α’νοιχω-

163 2289 279 2352 ροῦσι
308 2283 437 2330 idem
468 2278 603 2328 valet
624 2278 759 2342 quod
780 2277 900 2328 ὁπότε
922 2275 1208 2344 α’νοιχωροῖεν)
1228 2298 1237 2335 ,
1269 2272 1487 2321 similiter
1508 2271 1576 2318 III
1603 2288 1682 2330 21,

167 2382 226 2426 4,
269 2366 349 2422 68,
389 2380 441 2423 2,
475 2361 689 2425 protasis
721 2358 887 2422 incipit
919 2374 949 2405 a
984 2354 1223 2420 particula
1263 2355 1394 2426 ἕπηῑ
1429 2354 1472 2400 ΙΙ
1509 2368 1620 2413 100,
1655 2367 1679 2413 5

167 2457 217 2494 et
250 2446 314 2492 III
353 2462 392 2502 1,
442 2461 494 2504 Ι,
534 2460 563 2490 a
604 2440 840 2505 particula
877 2436 904 2507 ᾖ
946 2438 1307 2502 (quacunque):
1344 2436 1387 2483 II
1431 2450 1542 2492 100,
1576 2437 1604 2481 6
1635 2443 1685 2481 et

169 2527 236 2575 IV
281 2543 359 2588 33,
408 2542 461 2585 2,
509 2524 573 2572 ab
621 2522 900 2571 elocutione
951 2526 1000 2571 εἴ
1037 2542 1117 2579 τις
1164 2519 1391 2582 (ejusque
1442 2515 1683 2578 casibus):

169 2609 235 2656 III
290 2623 369 2668 23,
427 2623 484 2667 2,
536 2608 616 2663 81,
673 2621 728 2664 2,
769 2603 838 2649 VI
884 2616 964 2664 70,
1010 2617 1034 2662 3
1078 2610 1129 2648 et
1170 2602 1213 2647 8.
1255 2599 1334 2646 Sic
1374 2613 1526 2660 saepe
1568 2612 1686 2658 quo-

169 2707 266 2753 que
313 2687 654 2751 imperfectum
702 2685 748 2732 in
797 2683 1006 2748 apodosi
1057 2681 1265 2729 occurrit
1316 2687 1588 2742 praeeunte
1639 2676 1685 2723 in

170 2769 355 2835 protasi
420 2767 698 2816 elocutione
760 2764 991 2813 iterativa
1049 2766 1113 2823 ὠς
1172 2759 1409 2820 ἕκαστος·
1459 2759 1685 2822 (ejusque

170 2852 390 2911 casibus3
431 2850 488 2897 cf.
526 2848 594 2896 IV
628 2865 674 2909 4,
722 2848 786 2911 2),
827 2846 932 2894 sive
972 2842 1266 2908 pronomine
1305 2841 1424 2892 ὅσοι
1462 2838 1690 2903 (ejusque

1588 2929 1608 2960 6
