2119 3342
880 190 940 249 85

226 330 364 394 Ergo
386 329 568 379 locutio
590 328 731 382 κατὰ
759 328 932 399 τάχος
962 348 1002 379 e.
1027 331 1184 394 impf.
1217 333 1291 390 18,
1315 348 1353 378 e.
1373 329 1469 377 ind.
1495 345 1612 376 aor.
1637 345 1665 388 9

582 409 674 463 διὰ
711 410 920 480 τάχους
967 452 984 473 n
1091 452 1109 473 n
1208 428 1254 472 42
1324 451 1342 472 n
1413 451 1431 472 n
1537 450 1555 471 π
1640 423 1663 470 5

155 494 380 542 occurrit.

226 572 370 625 κατὰ
409 575 653 629 σπουδήν
693 591 805 621 cum
845 574 1010 637 impf.
1052 572 1207 621 semel
1240 583 1431 621 tantum
1465 571 1667 635 legitur:

158 656 226 703 ΙΙΙ
268 672 350 717 49,
397 673 419 702 2
463 655 564 719 (ubi
603 655 751 702 etiarn
792 652 912 715 εὐθύς
951 655 1228 717 invenitur).

227 734 365 788 κατὰ
404 737 651 791 σπουδήν
692 753 803 783 cum
844 736 1070 783 aoristi
1108 736 1206 783 ind.
1242 735 1358 783 item
1380 733 1534 782 semel
1554 732 1671 797 legi-

155 828 257 866 tur:
300 818 318 865 I
362 834 443 879 93,
489 834 531 864 2.

227 900 323 950 ὑπὸ
360 901 602 959 σπουδῆς
641 916 753 946 cum
793 898 960 962 impf.
1002 899 1077 947 bis
1115 898 1346 947 occurrit:
1389 898 1456 945 III
1496 913 1576 958 33,
1615 912 1669 957 33

155 980 202 1027 V
244 984 325 1039 66,
371 997 393 1027 2
438 981 557 1043 (quo
597 978 708 1027 loco
749 980 899 1028 etiam
940 978 1061 1040 εὐθύς
1098 979 1312 1045 legitur).
1349 979 1407 1026 Ei
1439 977 1671 1026 locutioni

157 1079 280 1110 aor.
322 1062 420 1109 ind.
463 1079 710 1125 nusquam
753 1062 1015 1126 adjunctus
1054 1073 1142 1110 est.

228 1141 433 1194 αὐτίκα
458 1159 569 1190 cum
600 1143 763 1206 impf.
797 1144 871 1191 bis
893 1144 1121 1191 occurrit:
1146 1144 1215 1190 ΙΙΙ
1238 1160 1316 1202 22,
1343 1157 1393 1204 53
1415 1142 1502 1188 VII
1518 1145 1598 1199 60,
1627 1157 1669 1187 2.

328 1265 345 1286 „
505 1266 523 1286 „
595 1241 713 1273 aor.
756 1224 853 1272 ind.
895 1223 1049 1272 semel
1087 1223 1285 1288 legitur:
1329 1223 1397 1270 IV
1442 1239 1521 1284 30,
1566 1227 1610 1269 6.

231 1307 310 1354 De
350 1306 592 1370 ejusmodi
630 1306 836 1353 vocibus
876 1306 1009 1369 apud
1049 1305 1371 1369 Polybium
1417 1304 1521 1355 sive.
1562 1320 1671 1350 cum

161 1387 449 1451 imperfecto
481 1388 585 1435 sive
614 1404 723 1434 cum
754 1387 1001 1434 indicativi
1023 1387 1207 1434 aoristo
1229 1385 1502 1449 conjunctis
1521 1384 1673 1432 fusius

159 1469 263 1531 egit
291 1487 337 1516 v.
362 1487 403 1517 c.
437 1469 493 1516 F.
528 1467 742 1516 Hultsch
772 1468 818 1514 in
850 1485 1001 1531 opere
1031 1467 1234 1515 laudato
1265 1486 1311 1530 p.
1343 1481 1406 1528 47
1441 1483 1569 1529 sqq„
1593 1465 1673 1512 ubi

162 1560 372 1614 apparet
423 1550 556 1614 apud
605 1548 863 1612 Polybium
916 1567 1026 1596 cum
1066 1549 1309 1613 ejusmodi
1347 1547 1675 1595 locutionibus

160 1631 350 1693 imperf.
392 1641 441 1679 et
479 1630 645 1679 aoristi
684 1630 1002 1678 indicativum
1042 1629 1144 1677 fere
1184 1646 1346 1692 aeque
1391 1629 1675 1691 frequenter

160 1729 380 1761 1nven1r1.

357 2053 387 2114 ἓ
429 2066 472 2113 5.
515 2051 608 2099 De
660 2049 1046 2114 imperfecto
1096 2049 1478 2113 conativo1).

235 2204 362 2251 Cum
411 2204 810 2267 imperfectorum
861 2219 991 2266 quae
1030 2203 1094 2251 ad
1133 2212 1364 2250 conatum
1404 2202 1678 2265 significan-

164 2286 281 2333 dum
333 2285 628 2332 adhibentur
678 2285 752 2331 vis
803 2284 1032 2332 conativa
1085 2283 1377 2347 plerumque
1425 2283 1610 2331 oriatur
1651 2300 1679 2331 e

163 2366 408 2414 radicibus
441 2366 705 2413 verborum
737 2366 801 2413 ad
834 2383 964 2429 quae
996 2365 1077 2413 illa
1106 2365 1395 2428 imperfecta
1415 2365 1677 2428 pertinent,

165 2447 403 2511 pleraque
472 2446 701 2510 exempla
757 2447 1028 2511 imperfecti
1086 2447 1300 2495 conativi
1356 2447 1679 2510 Thucydidea

165 2529 306 2588 infra,
356 2546 465 2576 cum
517 2529 578 2576 de
628 2529 807 2588 verbis,
862 2546 1071 2592 quorum
1123 2528 1330 2576 themati
1369 2528 1679 2591 praesentico

164 2609 239 2657 vis
277 2609 508 2656 conativa
546 2609 686 2668 inest,
722 2609 898 2669 dicam,
929 2610 1170 2657 tractabo.
1208 2610 1351 2656 Nunc
1385 2609 1679 2671 paucissima

165 2689 410 2754 exempla,
446 2707 574 2754 quae
608 2691 698 2737 sub
732 2690 848 2738 illud
881 2708 1039 2755 genus
1075 2708 1172 2738 non
1211 2691 1407 2750 cadunt,
1437 2689 1677 2737 laudabo:

221 2874 254 2917 1)
280 2874 332 2905 Cf.
360 2885 462 2916 supra
487 2885 521 2915 p.
550 2882 591 2914 27
620 2885 671 2916 sq.
