2119 3342
896 197 957 254 67

178 336 468 403 σπενδόμενοι,
518 333 571 387 τοὶ
609 335 656 387 δὲ
693 340 972 403 πολεμοῦντες
1009 364 1077 370 ——
1116 326 1158 385 εὖ
1198 331 1684 403 παρεσκευάσαντο

170 413 225 467 τοὶ
271 417 457 485 πολέμια
496 421 569 468 καὶ
608 417 886 485 ἐμπειρότεροι
925 417 1174 484 ἐγένοντο
1211 413 1321 483 μετὰ
1359 413 1569 467 κινδύνων
1607 412 1686 475 τὰς

169 497 352 564 μελέτας
401 496 657 567 ποιούμενοι,
711 515 810 561 quo
861 497 971 545 loco
1010 497 1220 545 aoristus
1258 495 1686 560 complexivus

170 579 300 627 bene
337 591 599 643 usurpatus
638 589 728 636 est,
770 579 884 642 quia
924 578 1245 642 Thucydides
1274 575 1320 624 in
1353 576 1490 624 initio
1523 577 1686 640 operis

172 662 243 710 sui
300 662 348 708 id
404 661 509 724 agit
565 671 618 708 ut
673 660 875 708 strictim
931 669 1110 723 tangat
1165 658 1329 722 capita
1393 675 1557 707 rerum
1623 674 1685 705 ex

170 743 372 790 historia
424 742 619 790 Graeca
671 759 800 806 quae
847 740 1030 788 bellurn
1080 739 1558 803 Peloponnesiacum
1603 755 1686 786 an-

172 825 382 882 tecessit,
436 842 535 888 quo
575 824 628 872 fit
666 834 718 871 ut
756 823 803 870 in
843 823 936 870 hac
975 822 1139 886 operis
1177 831 1318 885 parte
1348 819 1486 868 multi
1519 820 1687 868 aoristi

172 906 434 953 constativi
473 904 807 969 (complexivi)
847 913 1121 952 occurrant.

244 987 330 1034 Ad
389 998 663 1035 extremum
722 985 985 1034 nonnullos
1041 984 1179 1033 locos
1234 984 1452 1032 laudabo
1508 983 1686 1047 quibus

171 1069 460 1132 imperfecto
500 1069 728 1116 iterativo
767 1084 930 1115 mores
963 1067 1068 1114 sive
1100 1067 1320 1113 instituta
1350 1065 1688 1129 significantur

173 1167 301 1214 quae
340 1150 481 1198 statis
518 1149 826 1213 temporibus
864 1149 1128 1210 iterantur3
1168 1146 1262 1195 loci
1299 1156 1411 1195 sunt
1449 1146 1524 1195 hi:

244 1232 311 1279 III
355 1247 436 1294 53,
477 1248 508 1293 4
548 1261 615 1266 ——
654 1228 726 1291 οὓς
765 1229 1062 1291 α’ποθανόντας
1099 1229 1178 1280 ὑπὸ
1217 1229 1388 1284 Μήδων
1427 1232 1502 1279 καὶ
1539 1227 1687 1296 ταφέν-

170 1336 249 1374 τας
316 1315 356 1364 ἐν
425 1323 477 1384 τῇ
533 1314 718 1382 ἡμετέρα
774 1314 1042 1381 ἐτιμῶμεν
1099 1307 1240 1362 κατὰ
1297 1307 1409 1371 ἔτος
1462 1307 1687 1362 ἕκαστον

171 1396 391 1463 ἐσθήμασί
403 1416 444 1445 τε
468 1399 542 1445 καὶ
562 1401 648 1455 τοῖς
669 1391 818 1454 ἄλλοις
838 1397 1057 1462 νομίμοις,
1089 1392 1171 1444 ὅσα
1199 1413 1240 1442 τε
1269 1395 1296 1447 ἡ
1327 1399 1385 1459 γῆ
1423 1390 1686 1444 οἷνεδίδου

172 1479 327 1545 ὡραῖα,
368 1474 537 1527 ποίντων
579 1473 786 1544 α’παρχάς
825 1476 1093 1543 ἐπιφέροντες.

243 1558 324 1605 De
374 1557 500 1605 ludis
552 1556 922 1620 Apollinaribus
971 1557 1052 1620 qui
1104 1556 1151 1603 in
1202 1553 1361 1603 insula
1400 1553 1531 1602 Delo
1571 1552 1687 1602 olim

173 1639 343 1703 quinto
383 1656 585 1703 quoque
623 1655 754 1686 anno
794 1637 1173 1687 celebrabantur
1202 1637 1365 1701 agitur
1398 1637 1463 1684 III
1511 1651 1622 1697 104,
1660 1651 1686 1697 3

173 1738 308 1785 sqq.:
343 1715 403 1776 ἦν
437 1721 490 1772 δέ
515 1742 611 1772 ποτε
644 1724 719 1771 καὶ
750 1721 795 1771 τὸ
827 1718 962 1772 ποίλαι
994 1717 1166 1788 μεγάλη
1190 1716 1370 1780 ξύνοδος
1391 1719 1432 1778 ἐς
1449 1717 1527 1774 τὴν
1548 1721 1687 1773 Δῆλον

171 1812 252 1852 τῶν
286 1799 439 1853 Ἰώνων
478 1831 545 1837 ——-
568 1819 578 1828 ·
619 1799 697 1863 ξύν
734 1822 775 1852 τε
814 1799 899 1870 γὰρ
934 1806 1107 1869 γυναιξὶ
1140 1804 1215 1852 καὶ
1246 1803 1391 1852 παισὶν
1424 1797 1687 1868 ἐθεώρουν

173 1913 241 1919 --
280 1887 354 1934 καὶ
393 1882 512 1951 α”γὼν
546 1885 777 1934 ἐποιεῖτο
816 1882 962 1934 αὐτόθι
992 1883 1067 1933 καὶ
1100 1881 1312 1951 ’γυμνικὸς
1349 1882 1424 1932 καὶ
1461 1879 1685 1949 μουσικός,

173 1962 329 2033 χορούς
357 1987 398 2015 τε
427 1964 635 2032 α’νῆγον
662 1967 708 2015 αἱ
738 1964 906 2025 πόλειςς
938 1965 967 2026 ἓ
1000 1978 1024 2025 5
1055 1964 1357 2031 ἐφοίτωνςὲ
1379 1966 1408 2010 6
1429 1959 1687 2030 ἔπεμπον.

245 2047 516 2108 Quomodo
567 2044 724 2093 insula
763 2046 982 2109 Cythera
1020 2063 1049 2093 a
1089 2043 1501 2093 Lacedaemoniis
1536 2042 1689 2091 admi·

174 2128 457 2175 nistraretur
508 2127 575 2174 sic
625 2127 914 2174 describitur
964 2126 1033 2173 IV
1087 2141 1167 2188 53,
1213 2142 1237 2173 2
1281 2155 1349 2161 --
1387 2128 1463 2176 καὶ
1501 2128 1690 2194 Κυθηρο-

173 2213 300 2270 δίκης
350 2209 467 2278 α’ρχὴ
521 2210 567 2259 ἐκ
621 2218 698 2269 τῆς
753 2206 953 2276 Σποίρτης
1008 2209 1293 2277 διέβαινεν
1345 2205 1497 2259 αὐτόσε
1546 2203 1689 2258 κατὰ

173 2289 311 2352 ἔτος,
351 2296 532 2342 ὁπλιτων
570 2313 610 2341 τε
648 2311 834 2359 φρουραν
874 2290 1169 2358 διέπεμπον
1208 2293 1312 2341 αιέὶ
1350 2294 1444 2340 κτλ.

247 2373 317 2420 VI
373 2377 453 2435 56,
499 2389 522 2419 2
563 2373 800 2442 περιέμενον
840 2371 887 2423 δὲ
925 2373 1220 2428 Παναθήναια
1257 2394 1311 2422 τοι
1348 2368 1540 2439 μεγοίλα,
1580 2371 1622 2422 έν
1661 2366 1688 2438 ᾗ

173 2455 306 2522 μόνον
346 2458 410 2522 ἧμ
415 2455 487 2523 έρα
525 2452 608 2522 οὐχ
641 2451 821 2504 ὕποπτον
862 2456 1106 2522 ἐγίγνετο
1145 2455 1186 2504 έν
1220 2453 1365 2514 οπλοις
1396 2463 1479 2504 τῶν
1508 2457 1689 2504 πολίτων

173 2556 270 2596 τους
301 2536 378 2592 τὴν
411 2535 584 2603 πομπὴν
617 2535 863 2602 πεμψοντας
901 2535 1080 2604 ἀθρόους
1117 2557 1163 2603 γε
1147 2557 1207 2586 εεν
1196 2536 1338 2587 σθ.αι
1379 2535 1513 2600 impf
1554 2536 1686 2602 ε’γίγν.

174 2618 370 2680 respicit
408 2616 628 2680 singulas
667 2616 1133 2664 Panathenaeorum
1173 2615 1545 2665 celebrationes.

247 2699 361 2746 VIII
422 2703 503 2756 66,
570 2716 585 2745 1
651 2700 792 2765 δῆμος
847 2698 989 2765 μέντοι
1046 2698 1162 2765 ὅμως
1213 2696 1268 2749 ἔτι
1318 2702 1393 2748 καὶ
1443 2697 1581 2767 βουλὴ
1622 2723 1690 2732 *-

177 2781 525 2847 ξυνελέγετο;
586 2779 784 2827 comitia
840 2790 889 2826 et
945 2790 1146 2827 senatus
1195 2779 1336 2827 statis
1385 2779 1691 2842 temporibus

177 2862 596 2908 convocabantur.
