2119 3342
1037 209 1101 254 42

319 349 593 397 occurrunt,
669 337 766 385 ind.
845 353 946 385 aor.
1022 334 1369 383 tantummodo
1443 331 1828 395 compositorum

319 423 596 492 ἀπείργειν
635 429 685 468 et
723 423 1059 487 κατείργειν,
1091 415 1343 479 utriusque
1363 412 1533 471 semel,
1555 413 1826 461 invenitur:

321 504 391 552 IV
433 517 512 565 37,
562 519 579 549 1
619 499 809 553 ἔπαυσαν
841 499 919 557 τὴν
951 496 1106 567 μα’χην
1129 495 1322 557 καίτοὺς
1351 500 1513 547 ἑαυτῶν
1535 494 1828 563 α’πεῖρξαν,

321 603 420 649 quo
457 584 570 632 1000
609 583 819 631 aoristus
857 581 922 629 ad
961 581 1208 628 actionem
1237 587 1642 626 momentaneam
1672 575 1831 638 desig-

319 667 536 715 nandam
593 675 855 728 usurpatur
902 662 1126 730 (α’πεῖρξαν
1177 661 1278 708 fere
1329 660 1460 707 idem
1511 656 1647 706 valet
1697 655 1832 720 quod

319 748 537 800 ἔπαυσανῑ
597 747 654 795 cf.
713 756 884 793 eontra
936 743 1280 807 imperfectum
1329 742 1376 788 in
1427 740 1537 788 1000
1589 740 1632 786 II
1679 753 1759 800 53,
1801 753 1833 798 4

320 835 422 881 θεῶν
470 828 516 880 δὲ
566 828 697 897 φόβος
744 848 770 881 a
813 825 1044 891 α’νθρῶπων
1084 824 1215 892 νόμος
1253 821 1389 883 οὐδεὶς
1429 821 1655 889 ἀπεῖργε
1697 819 1833 883 quod

318 911 453 975 impf.
507 909 842 958 conditionem
893 906 1073 954 diutius
1112 904 1451 953 continuatam
1491 902 1721 966 indicat);
1763 899 1833 948 IV

321 1007 405 1055 47,
461 1009 486 1054 3
537 990 866 1060 παραλαβόντες
916 988 962 1039 δὲ
1014 985 1170 1047 αὐτοὺς
1220 989 1259 1037 οἱ
1298 990 1549 1054 Κερκυραῖοι
1590 985 1631 1044 ἐς
1669 988 1837 1049 οἴκημα

321 1079 439 1143 μέγα
500 1077 799 1142 κατεῖρξαν
866 1068 1241 1131 „incluserunt’',
1300 1067 1382 1130 qui
1439 1065 1648 1113 aoristus
1705 1064 1837 1111 idem

322 1154 456 1204 valet
513 1154 648 1218 quod
705 1153 914 1201 aoristus
970 1150 1115 1219 εἷρξαν
1171 1150 1219 1197 in
1269 1148 1379 1197 1000
1433 1164 1582 1211 supra
1631 1145 1836 1194 laudato

322 1237 442 1284 VIII
495 1252 576 1297 92,
628 1251 675 1296 4.
726 1234 873 1298 (Cum
925 1231 1132 1295 Steupio
1181 1241 1230 1279 et
1272 1229 1442 1277 Hudio
1482 1228 1707 1276 codicum
1745 1225 1838 1275 Iec-

323 1320 510 1367 tionem
560 1321 806 1386 καθεῖρξαν
857 1314 1149 1363 mutandam
1197 1312 1363 1360 censui
1402 1311 1449 1358 in
1490 1314 1736 1378 κατεῖρξαν
1776 1309 1839 1357 de

325 1418 424 1465 qua
457 1399 748 1464 quaestione
778 1397 835 1445 cf.
872 1414 985 1445 ann.
1020 1395 1090 1443 St.
1115 1396 1147 1459 1)
1181 1395 1245 1442 ad
1278 1403 1499 1441 nostrum
1531 1390 1733 1453 locum.)

398 1481 801 1544 Compositorum
858 1481 909 1529 δι
960 1508 1028 1513 —
1067 1488 1117 1525 et
1173 1479 1436 1545 ἐξείργειν
1491 1471 1840 1521 tantummodo

327 1563 668 1628 praesenticae
725 1561 929 1618 formae,
987 1560 1035 1607 in
1093 1559 1270 1623 quibus
1321 1574 1483 1621 pauca
1534 1554 1838 1619 imperfecta,

327 1655 602 1695 occurrunt.

397 1727 551 1775 Verbi
620 1727 1008 1776 ἐναντιοῦσθαι
1073 1721 1265 1786 aliquot
1321 1720 1441 1769 locis
1498 1718 1841 1783 imperfectum

331 1809 525 1873 legitur,
566 1808 664 1855 ind.
707 1824 810 1855 aor.
851 1823 951 1854 non
992 1804 1213 1853 occurrit.

399 1890 552 1938 Verbi
600 1893 982 1957 ἰσχυρίζεσθαι
1029 1885 1395 1950 („pertinaciter
1436 1884 1484 1931 in
1525 1883 1702 1931 eadem
1738 1897 1843 1929 sen-

331 1973 487 2020 tentia
537 1970 794 2030 haerere''‚
855 1970 970 2030 „mit
1004 1968 1307 2016 Nachdruck
1345 1965 1535 2014 worauf
1566 1961 1841 2012 bestehen'’

331 2053 406 2102 Cl.
465 2053 529 2101 ad
583 2052 677 2099 VII
736 2069 818 2112 49,
880 2052 922 2114 1)
973 2049 1127 2098 semel
1174 2049 1453 2112 iterumque
1502 2045 1844 2110 imperfectum

332 2135 554 2194 occurrit,
593 2134 690 2181 ind.
733 2150 834 2181 aor.
878 2149 977 2180 non
1016 2131 1209 2194 legitur.

403 2215 634 2264 Similiter
691 2215 1028 2278 praesenticas
1079 2213 1264 2260 formas
1311 2211 1548 2259 aoristicis
1594 2207 1845 2273 praeferre

335 2297 710 2363 quodammodo
749 2296 843 2343 diei
881 2305 1088 2359 possunt
1121 2311 1180 2342 ea
1218 2294 1373 2341 verba
1405 2309 1534 2356 quae
1567 2290 1848 2354 significant

342 2389 567 2441 „mente
624 2377 927 2442 agitare'’,
996 2375 1300 2440 „putare”‚
1348 2374 1582 2436 „animo
1635 2373 1848 2420 obver-

334 2459 486 2509 sari'‘
558 2459 639 2507 vel
710 2457 866 2506 simile
923 2458 1055 2521 quid,
1116 2457 1232 2520 quia
1288 2455 1582 2520 plerumque
1640 2453 1847 2517 agitatio

336 2541 513 2590 mentis
534 2540 837 2604 aliquamdiu
852 2540 1140 2587 continuata
1154 2538 1451 2602 depingitur.
1473 2536 1587 2584 Huc
1602 2535 1849 2600 pertinent

336 2625 461 2672 haec
526 2623 706 2670 verba:
778 2621 997 2682 α’ξιοῦν,
1065 2623 1439 2679 διανοεῖσθαι,
1499 2620 1847 2677 ἐπίστασθαι,

337 2708 614 2773 ἡγεῖσθαι,
666 2707 946 2772 νομίζειν,
1009 2706 1238 2763 οἴεσθαι,
1280 2704 1596 2769 φαίνεσθαι,
1638 2701 1847 2750 δοκεῖν.

392 2898 426 2942 1)
451 2899 514 2931 Per
534 2898 664 2930 litteras
687 2897 743 2930 St.
759 2897 886 2941 ubique
901 2896 981 2928 volo
1005 2895 1259 2939 Steupium,
1282 2905 1342 2939 per
1356 2895 1486 2927 litteras
1501 2893 1560 2928 Cl.
1577 2893 1849 2926 Classenum.
