2119 3342
1074 177 1170 210 110

362 305 612 371 („legatos
660 304 975 367 miserant”)3
1027 303 1095 350 VI
1148 307 1229 365 76,
1289 319 1305 350 1
1361 302 1497 350 initio
1554 302 1791 350 orationis
1846 318 1876 350 a

361 388 540 452 legatis
589 387 790 435 habitae
837 384 1017 450 legitur
1068 383 1116 435 οὐ
1163 384 1240 441 τὴν
1287 389 1508 449 παροῦσαν
1559 380 1749 452 δύναμιν
1794 392 1877 433 τῶν

364 467 614 529 Ἀθηναίων,
653 461 684 518 ἶ)
713 473 1022 536 Καμαριναῖοι,
1056 466 1118 534 μὴ
1155 464 1289 523 αὐτὴν
1323 470 1632 533 καταπλαγῆτε
1665 467 1878 524 δείσαντες

363 547 868 618 ἐπρεσβευσοέμεθαῑ
925 548 1197 596 secundum
1255 565 1398 594 usum
1456 545 1717 610 vulgatum
1774 562 1877 593 aor.

363 631 425 679 de
473 648 534 679 eo
583 631 718 694 quod
770 630 922 678 modo
972 630 1157 677 factum
1196 639 1271 676 est
1309 628 1572 676 adhibetur
1610 627 1688 691 (cf.
1731 642 1880 689 supra

365 731 412 776 p.
463 726 520 775 17
562 714 683 777 sq.);
725 711 838 758 VIII
864 725 909 773 5,
940 727 956 758 1
983 720 1177 779 πρῶτοι
1199 708 1372 778 Εὗβοῆς
1390 713 1447 770 ὡς
1465 706 1583 777 Ἀγιν
1605 704 1880 776 ἐπρεσβεύ-

364 814 530 845 σαντο
582 796 622 844 ἐν
671 803 730 864 τῷ
780 802 960 861 χειμῶνι
1010 788 1167 859 τούτῳῑ
1209 791 1420 839 aoristus
1459 790 1766 838 constativus
1802 788 1881 835 hic

364 876 475 923 voci
512 885 664 943 πρῶτοι
704 874 966 938 adjunctus
1004 883 1092 932 est,
1133 873 1256 920 sicut
1295 870 1514 935 plurimis
1553 870 1672 919 locis
1703 869 1881 917 indica-

365 957 494 1004 tivus
534 956 701 1003 aoristi
739 973 851 1003 cum
890 952 1337 1017 superlativis
1376 952 1531 1017 (velut
1567 957 1776 1012 πλεῖστος,
1808 951 1881 1019 με’-

363 1038 524 1106 γιστος)
554 1038 659 1085 sive
688 1054 799 1084 cum
830 1036 1037 1084 vocibus
1072 1052 1200 1099 quae
1232 1034 1610 1099 quodammodo
1637 1034 1686 1081 vi
1716 1049 1880 1096 super-

364 1118 517 1167 lativa
547 1118 803 1182 praeditae
837 1127 950 1165 sunt
983 1115 1138 1180 (velut
1157 1116 1309 1185 μόνος)
1331 1116 1622 1181 conjunctus
1643 1113 1882 1179 reperitur

366 1201 448 1264 (de
488 1218 587 1264 qua
623 1217 677 1248 re
716 1199 868 1247 fusius
906 1198 1030 1246 infra
1070 1200 1099 1261 ἓ
1146 1215 1201 1245 12
1244 1199 1457 1261 agetur).

439 1281 786 1345 Compositum
851 1276 1383 1348 οἷντιπρεσβεύεσθαι
1453 1288 1616 1326 exstat
1669 1286 1880 1325 tantum-

367 1364 519 1411 modo
557 1363 629 1410 VI
663 1376 743 1425 75,
789 1378 814 1424 3
857 1357 1356 1430 οἷντεπρεσβεύοντο
1395 1364 1470 1411 καὶ
1499 1357 1624 1410 αὐτοί
1654 1359 1759 1422 („et
1790 1357 1882 1421 ipsi

366 1444 670 1508 legationem
702 1443 991 1507 miserunt'’)
1022 1443 1157 1506 quod
1187 1442 1324 1506 impf.
1361 1452 1435 1490 est
1469 1440 1879 1505 exspectativum.

441 1526 556 1574 Huc
594 1526 807 1590 pertinet
839 1525 975 1589 quod
1008 1524 1145 1572 verbi
1184 1520 1675 1592 ἐπικηρυκεύεσθαι
1714 1523 1882 1585 („Cum

368 1607 534 1671 aliquo
574 1625 661 1671 per
698 1606 896 1671 legatos
934 1623 1087 1670 agere
1117 1606 1180 1653 de
1209 1604 1376 1669 aliqua
1403 1605 1510 1668 re'’)
1539 1603 1882 1668 imperfectum

367 1690 624 1753 (exspect.)
696 1691 723 1736 8
783 1687 979 1752 legitur,
1039 1704 1150 1735 cum
1209 1686 1376 1734 aoristi
1434 1685 1575 1734 indic.
1637 1701 1881 1748 nusquam

368 1781 607 1819 occurrat.

442 1852 526 1899 Ad
582 1862 857 1900 extremum
915 1860 1118 1914 propter
1174 1850 1274 1897 vim
1332 1849 1730 1912 exspectativam
1788 1848 1884 1897 huc

368 1933 612 1981 trahenda
668 1950 849 1981 censeo
907 1931 1195 1995 imperfecta
1252 1930 1391 1979 verbi
1448 1933 1619 1981 αἰτεῖν
1677 1930 1884 1995 ejusque

370 2015 772 2079 compositorum.

441 2096 718 2159 Compositi
757 2095 1008 2147 α’παιτεῖν
1048 2094 1259 2142 aoristus
1300 2093 1502 2141 omnino
1541 2110 1641 2140 non
1679 2091 1882 2157 legitur3

369 2178 504 2242 impf.
547 2178 679 2225 hisce
717 2176 837 2224 locis
875 2176 975 2224 vim
1014 2174 1409 2240 exspectativam
1448 2173 1720 2222 luculenter
1753 2174 1883 2222 exhi-

369 2261 477 2308 bet:
532 2259 601 2306 IV
654 2275 733 2320 23,
791 2275 808 2306 1
863 2255 943 2319 τὰς
990 2264 1097 2318 ναῦς
1143 2260 1181 2309 οἱ
1238 2256 1581 2324 Λακεδαιμόνιοι
1638 2255 1884 2325 οἷπῇτουν

371 2339 790 2404 („repetebant'’),
822 2338 1013 2408 καθάπερ
1034 2339 1244 2400 ξυνέκειτο
1266 2339 1362 2402 (cui
1383 2337 1671 2401 imperfecto
1693 2337 1886 2385 animos

372 2422 883 2469 Lacedaemoniorum
922 2422 1137 2468 intentos
1176 2419 1468 2483 exprimenti
1507 2418 1884 2482 quodammodo

370 2503 639 2566 respondet
688 2502 1028 2565 imperfectum
1080 2520 1191 2549 cum
1243 2502 1512 2565 negatione
1570 2500 1883 2564 conjunctum

372 2585 508 2648 quod
555 2584 794 2647 sequitur:
844 2586 882 2633 οἱ
927 2581 968 2633 δ’
1019 2580 1233 2641 Ἀθηναῖοι
1281 2612 1349 2617 -
1396 2580 1493 2632 οὐκ
1537 2580 1883 2631 ἀπεδίδοσαν

380 2666 616 2727 „reddere
640 2663 1015 2727 recusabant'')3
1048 2664 1198 2711 etiam
1221 2664 1376 2712 acrius
1398 2663 1687 2726 imperfecto
1709 2659 1886 2709 milites

374 2746 670 2809 stipendium
719 2755 1004 2809 repetentes
1053 2745 1391 2808 significantur
1441 2744 1556 2791 VIII
1598 2745 1678 2803 84,
1723 2759 1774 2790 2:
1815 2772 1883 2777 --

369 2825 555 2895 τοσουτῳ
595 2829 670 2877 καὶ
709 2824 957 2896 θρασύτατα
996 2826 1293 2894 προσπεσόντες
1320 2827 1391 2876 τὸν
1420 2825 1570 2894 μισθὸν
1612 2823 1881 2892 ἀπῄτουν·
