2119 3342
870 193 931 250 63

148 332 347 393 ἐδέξαντο
396 329 549 392 ποῖντες
599 334 637 382 οἱ
686 333 752 382 ε’πι“
803 329 982 400 Θρᾴκης
1020 327 1251 398 ξύμμαχοι
1292 331 1659 397 Λακεδαιμονίων

147 410 200 463 τὸι
237 414 542 482 πεπραγμένοις
582 430 642 460 eo
674 429 875 476 quoque
907 411 1018 459 loco
1052 411 1186 474 impf.
1222 410 1445 458 iterative
1475 410 1658 458 dictum

150 504 225 542 est
276 495 337 542 de
381 495 577 542 indutiis
628 493 831 557 singulis
881 493 1159 540 civitatibus
1205 493 1252 539 in
1291 491 1535 539 Thraciae
1573 508 1661 539 ora

150 576 392 624 maritima
432 575 638 623 Graecis
677 575 922 622 nuntiatis.
964 574 1152 637 (Verba
1189 583 1245 641 τῷ
1287 575 1495 641 Βρασίδᾳ,
1530 589 1660 635 quae

150 657 196 704 in
245 657 494 705 codicibus
515 667 629 720 post
649 658 922 724 ἀνήγγελλον
944 655 1268 714 inveniuntur,
1285 654 1396 719 jure
1417 671 1446 702 a
1468 653 1659 701 Stahlio

149 749 199 786 et
232 739 399 786 Hudio
429 737 593 786 deleta
626 737 741 785 mihi
774 737 1018 797 videntur,
1053 736 1115 784 de
1148 753 1246 799 qua
1278 753 1329 784 re
1363 736 1420 784 cf.
1455 735 1661 798 Steupii,

151 820 233 884 qui
272 838 332 868 ea
370 821 524 868 verba
562 820 752 880 retinet,
792 819 1112 867 annotatione
1149 818 1215 866 ad
1252 817 1339 881 LI.)

224 902 498 966 Compositi
555 900 922 970 ἐπαγγέλζλειν
970 917 1121 948 unum
1172 899 1308 963 impf.
1361 898 1540 963 legitur
1594 899 1660 946 III

159 988 232 1041 16,
272 1000 297 1045 3
331 981 444 1034 κατὰ
475 984 614 1045 πόλεις
643 985 988 1052 ἐπήγγελλον
1019 980 1340 1051 τεσσαράκοντα
1362 991 1465 1032 νεῶν
1485 984 1661 1041 πλῆθος,

152 1083 250 1130 quo
283 1065 570 1128 imperfecto
601 1065 924 1129 respiciuntur
956 1062 1177 1128 singulae
1211 1062 1451 1121 civitates,
1488 1062 1664 1126 quibus

152 1164 306 1194 naves
345 1146 619 1210 imperatae
658 1157 768 1194 sunt
806 1146 960 1210 (impf.
1002 1146 1199 1209 iterat).

224 1228 303 1275 De
350 1227 638 1291 imperfecto
677 1238 726 1276 et
763 1228 947 1276 aoristo
987 1226 1248 1290 compositi
1287 1225 1664 1293 α’ποιγγέλλειν

152 1311 182 1372 ἓ
199 1324 276 1371 25,
300 1309 362 1357 de
383 1309 673 1373 imperfecto
695 1320 744 1358 et
765 1310 950 1357 aoristo
972 1308 1231 1372 compositi
1253 1309 1664 1377 περιαγγέλλειν

152 1393 182 1454 ἓ
237 1407 316 1451 24,
370 1391 432 1439 de
483 1392 772 1456 imperfecto
813 1390 1072 1455 compositi
1108 1389 1523 1459 παραγγέλλειν
1563 1390 1593 1452 ἓ
1635 1393 1664 1437 6

153 1484 345 1538 agetur.

225 1555 389 1603 Etiam
423 1555 563 1603 verbi
603 1552 971 1606 πυνθάνεσθαι
1003 1553 1346 1617 imperfectum
1386 1553 1665 1615 ubicunque

154 1636 364 1683 occurrit
419 1636 645 1684 iterative
701 1646 989 1699 usurpatum
1048 1645 1122 1683 est
1179 1635 1241 1683 de
1298 1635 1475 1683 eadem
1534 1651 1586 1682 re
1637 1651 1666 1681 a

154 1718 358 1766 diversis
390 1718 611 1782 partibus
644 1718 871 1781 cognita:
906 1718 924 1765 I
961 1732 1043 1779 95,
1079 1734 1133 1779 33
1176 1733 1286 1778 132,
1319 1733 1378 1777 43
1416 1716 1459 1763 II
1498 1729 1577 1778 57,
1612 1733 1664 1777 13

137 1799 219 1864 ῥΙΙΙ
275 1813 354 1861 70,
409 1803 467 1862 63
521 1799 591 1846 IV
648 1815 691 1861 3,
754 1816 806 1859 13
849 1799 1035 1860 V114,
1081 1812 1137 1860 73
1186 1801 1262 1857 18,
1310 1814 1350 1846 1.
1392 1797 1474 1845 Sic
1513 1797 1663 1845 etiam

153 1880 462 1944 participium
514 1881 787 1944 praesentis
824 1880 1050 1928 iterative
1088 1889 1378 1943 usurpatum
1418 1888 1493 1926 est
1531 1879 1665 1926 hisce

153 1960 298 2009 locis:
341 1962 360 2008 I
404 1965 484 2022 64,
531 1978 586 2022 23
629 1962 698 2008 III
748 1964 823 2021 18,
869 1978 921 2022 33
961 1961 1077 2008 VIII
1121 1963 1202 2022 83,
1250 1977 1300 2021 13
1336 1960 1513 2023 quibus
1546 1959 1665 2008 locis

154 2060 458 2107 quamquam
509 2042 765 2106 participio
817 2041 1164 2110 (πυνθανόμενοι)
1212 2042 1341 2090 actio
1382 2041 1666 2105 exprimitur

154 2141 282 2187 quae
346 2124 594 2172 actionem
662 2124 944 2187 primariam
1001 2124 1272 2187 praecessit
1329 2140 1543 2187 eamque
1599 2123 1664 2170 ob

154 2222 355 2254 causam
407 2216 530 2269 part.
584 2205 751 2254 aoristi
801 2216 1160 2269 exspectamus,
1214 2216 1383 2253 tamen
1431 2205 1494 2253 ad
1546 2204 1667 2252 noti-

153 2304 301 2335 onem
367 2288 645 2336 iterativam
713 2287 1074 2352 designandam
1132 2298 1258 2352 part.
1317 2286 1668 2351 praesentis

154 2369 428 2417 adhibitum
468 2379 557 2417 est.

225 2449 530 2499 Elocutionis
595 2451 927 2514 (ξυν)ιέ’ναι
983 2452 1034 2511 ἐς
1091 2451 1306 2520 λόγους
1361 2451 1436 2498 bis
1491 2450 1666 2514 imper-

155 2531 335 2579 fectum
384 2531 591 2580 occurrit
637 2532 787 2595 idque
837 2533 900 2580 de
948 2531 1160 2581 conciliis
1210 2533 1452 2597 repetitis:
1494 2532 1541 2578 V
1586 2545 1661 2594 17,

157 2629 180 2660 2
240 2614 311 2664 τὲν
367 2624 565 2681 χειμῶνα
621 2619 766 2664 τοῦτον
822 2609 959 2682 ἦσαν
1012 2614 1051 2675 ἐς
1106 2614 1261 2683 λόγους
1312 2615 1396 2679 (Sc.
1451 2611 1666 2672 Ἀθηναῖοι

153 2699 227 2745 καὶ
256 2694 616 2763 Λακεδαιμόνιοι)
657 2694 952 2756 „identidem
987 2695 1412 2757 conveniebant’';
1446 2694 1513 2742 IV
1555 2711 1571 2742 1
1591 2712 1666 2756 19,

156 2792 182 2837 3
224 2773 359 2843 ξυνῇ
371 2796 473 2827 σαν
512 2777 553 2826 ἐν
591 2773 702 2846 αὐτῇ
734 2776 780 2840 (1.
814 2794 857 2825 e.
887 2786 939 2845 τῇ
969 2779 1196 2847 ἐκεχειρία)
1226 2779 1314 2846 περὶ
1348 2786 1430 2827 τῶν
1462 2776 1668 2844 μειζόνων

154 2859 351 2908 σπονδῶν
401 2854 484 2908 διὰ
533 2857 738 2918 παντὸς
784 2860 825 2919 ἐς
871 2858 1040 2928 λόγους.
1085 2859 1275 2909 Contra
1314 2859 1376 2908 de
1419 2875 1516 2907 una
1555 2874 1667 2906 con-
