2119 3342
912 179 1004 227 107

197 315 291 361 κτλ.
344 309 424 358 Bis
462 309 802 373 imperfectum
842 307 1147 356 offerendi
1185 306 1387 354 notione
1425 304 1703 369 praeditum

197 391 442 455 sequitur:
483 391 604 437 VIII
648 393 729 450 80,
773 406 796 436 2
838 388 1153 440 ἐπεκαλεῖτο
1190 409 1232 438 τε
1269 385 1353 455 γὰρ
1373 384 1706 453 αυτοὺςὸΦαρ-

196 473 391 542 νάβαζος
447 476 520 523 καὶ
576 471 730 540 τροφὴν
787 474 1003 537 ἑτοῖμος
1058 464 1120 525 ἦν
1177 466 1376 537 παρέχειν
1437 466 1706 528 „invitabat

197 572 285 602 eos
322 571 375 602 se
407 563 635 617 paratum
673 551 901 599 dictitans
940 550 1098 610 etc.’';
1139 548 1357 597 similiter
1397 566 1478 609 99,
1528 564 1544 594 1
1591 556 1707 614 Φαρ-

197 634 392 704 νοῖβαζές
436 656 478 684 τε
529 636 847 684 ἐπεκαλεῖτο
899 629 1054 691 αὐτοὺς
1103 632 1177 682 καὶ
1224 625 1286 686 ἦν
1323 629 1600 697 πρόθυμος
1638 656 1706 662 —

196 714 274 776 τὰς
323 712 474 775 λοιπὰς
519 712 574 765 ἔτι
625 713 764 773 πόλεις
815 712 1055 768 α’ποστῆσαι
1102 721 1184 762 τῶν
1237 709 1487 769 Ἀθηναίων.
1541 707 1708 756 Semel

197 796 540 861 imperfectum
590 794 744 843 altero
793 794 1083 858 imperfecto
1133 809 1233 840 non
1284 792 1453 839 addito
1497 789 1705 853 legitur:

200 879 247 926 V
300 892 379 939 54,
431 895 463 939 4
513 874 775 945 Ἐπιδαύριοι
823 877 871 927 δὲ
905 874 1004 936 τοὺς
1043 872 1310 943 ξυμμάχους
1347 875 1708 924 ἐπεκαλοῦντο

198 960 226 1008 i.
250 977 291 1008 e.
340 960 414 1017 „in
454 958 684 1006 auxilium
722 956 1024 1006 vocabant''.

269 1041 463 1088 Eodem
529 1040 680 1087 modo
738 1056 837 1102 quo
893 1048 1148 1102 postremo
1202 1035 1313 1084 loco
1369 1035 1709 1099 imperfectum

199 1121 472 1170 adhibitum
539 1121 781 1180 videmus,
838 1119 1047 1168 aoristus
1103 1127 1367 1181 usurpatur
1423 1118 1441 1164 I
1507 1132 1618 1176 102,
1686 1131 1702 1163 1

198 1203 540 1272 Λακεδαιμόνιοι
581 1202 628 1253 δὲ
648 1232 716 1238 -
737 1199 899 1261 ἄλλους
925 1223 968 1252 τε
1000 1199 1404 1252 ἐπεκαλέσαντο
1443 1195 1711 1266 ξυμμάχους

200 1287 273 1337 καὶ
311 1283 584 1346 Ἀθηναίους·
625 1288 664 1336 οἱ
701 1282 742 1334 δ’
779 1279 909 1339 ἦλθον
929 1312 1014 1342 ——,
1037 1282 1119 1329 ubi
1156 1280 1365 1329 aoristus
1403 1279 1709 1328 constativus

199 1367 461 1415 adhibetur
516 1367 581 1414 ad
636 1364 1015 1414 accelerandum
1072 1361 1364 1410 narrationis
1413 1371 1638 1408 tenorem
1658 1359 1709 1422 1).

203 1449 355 1511 Quod
409 1449 576 1496 statim
632 1457 745 1511 post
800 1463 860 1494 ea
920 1462 1051 1509 quae
1101 1444 1253 1492 modo
1303 1442 1503 1490 laudavi
1553 1441 1709 1488 verba

201 1531 380 1579 eadem
426 1547 504 1577 res
550 1529 786 1592 repetitur
832 1527 1016 1575 aoristo
1066 1527 1115 1589 (g
1170 1542 1193 1572 2
1247 1522 1442 1593 μάλιστα
1480 1519 1520 1574 δ’
1558 1519 1714 1581 αὐτοὺς

202 1612 599 1663 ἐπεκαλέσαντο
655 1610 716 1660 ἔτι
772 1614 1054 1678 τειχομαχεῖν
1115 1607 1292 1658 ἐδόκουν
1342 1607 1520 1657 δυνατοὶ
1571 1602 1712 1667 εἶναι),

204 1692 319 1741 nihil
369 1692 646 1741 mirandum
697 1702 800 1752 est,
851 1689 979 1738 solet
1028 1689 1159 1737 enim
1210 1687 1453 1754 ejusmodi
1490 1685 1610 1733 locis
1649 1685 1715 1732 ad

203 1776 366 1838 priora
416 1774 582 1822 referri
621 1773 805 1821 aoristo
845 1773 1056 1836 (const).
1099 1771 1223 1818 Item
1262 1769 1533 1817 secundum
1572 1783 1714 1814 usum

202 1856 462 1919 vulgatum
527 1872 631 1903 aor.
689 1864 845 1902 const.
904 1863 1166 1916 usurpatur
1223 1851 1292 1898 III
1353 1854 1433 1912 65,
1498 1865 1522 1895 2
1581 1851 1615 1898 εἰ
1668 1845 1715 1897 δὲ

205 1935 357 2006 ἄνδρες
412 1938 532 2005 ὑμῶν
579 1939 617 1987 οἱ
672 1946 823 2004 πρῶτοι
861 1963 928 1970 --
967 1930 1372 1985 ἐπεκαλέσαντο
1429 1930 1516 1994 (se.
1574 1929 1714 1996 ἡμᾶς)

205 2019 385 2079 ἑκόντες,
436 2022 478 2069 τί
523 2017 788 2085 οὲδικοῦμενς
828 2017 856 2064 i.
880 2033 921 2064 e.
963 2015 1010 2063 in
1051 2032 1111 2063 eo
1151 2014 1289 2077 quod
1326 2012 1567 2076 primores
1605 2009 1716 2057 civi-

206 2101 320 2150 tatis
358 2111 554 2149 vestrae
594 2116 685 2147 nos
723 2098 1047 2154 advocarunt,
1089 2095 1207 2159 quid
1246 2111 1337 2142 nos
1378 2090 1718 2158 peccavimus?

258 2275 292 2318 1)
318 2273 422 2314 Quod
447 2273 490 2305 ad
514 2281 614 2304 usum
638 2270 755 2302 aoristi
781 2268 966 2301 constativi
992 2267 1128 2309 attinet,
1152 2265 1319 2298 notabilis
1345 2268 1396 2297 est
1423 2268 1513 2296 totus
1540 2262 1599 2294 ille
1624 2262 1720 2294 locus

206 2333 287 2365 libri
320 2331 422 2374 primi
455 2329 487 2373 (Ι
521 2327 696 2370 89—118,
730 2326 767 2370 2)
801 2337 871 2369 quo
904 2336 958 2358 res
990 2329 1191 2357 enarrantur
1225 2334 1313 2366 quae
1348 2327 1463 2365 gestae
1488 2325 1569 2353 sunt
1594 2320 1675 2352 inde
1702 2331 1721 2351 a

209 2390 342 2433 proelio
377 2387 570 2431 Myealensi
604 2395 713 2427 usque
748 2384 792 2416 ad
828 2384 964 2415 initium
996 2383 1081 2415 belli
1107 2381 1405 2424 Peloponnesiaci,
1435 2379 1530 2422 quod
1555 2377 1721 2420 temporis

209 2448 359 2490 spatium
400 2450 541 2478 vocatur
579 2442 869 2486 pentecontaetia.
907 2440 1129 2483 Thucydides
1165 2440 1229 2471 hac
1267 2439 1480 2481 digressione
1516 2436 1722 2468 narrationis

210 2516 346 2538 cursum
371 2502 602 2544 interrumpit,
623 2506 660 2532 ut
683 2511 738 2531 eas
761 2510 813 2531 res
836 2503 969 2540 repetat
983 2499 1108 2540 quibus
1124 2498 1280 2539 potentia
1293 2497 1342 2528 rei
1357 2496 1515 2538 publicae
1531 2494 1720 2526 Athenien-

212 2564 257 2595 sis
292 2562 456 2604 paulatim
490 2564 588 2592 aucta
621 2563 682 2600 est,
719 2569 788 2599 quo
820 2557 930 2598 magis
964 2556 1161 2597 intelligant
1195 2555 1341 2587 lectores
1372 2554 1443 2585 fieri
1470 2563 1540 2584 non
1567 2552 1721 2594 potuisse

211 2621 296 2662 quin
323 2619 452 2652 bellum
467 2617 704 2660 gravissimum
718 2615 928 2646 aemulorum
943 2614 1184 2646 exardesceret.
1201 2613 1328 2644 Mirum
1342 2622 1412 2643 non
1428 2615 1478 2643 est
1491 2611 1526 2642 in
1542 2621 1581 2642 ea
1596 2610 1723 2651 digres-

212 2679 322 2720 sione,
359 2677 490 2718 quippe
527 2686 594 2716 qua
632 2685 702 2705 non
729 2673 869 2715 directe,
894 2677 930 2704 ut
957 2672 1004 2703 ita
1030 2672 1151 2713 dicam,
1177 2681 1230 2702 res
1255 2674 1465 2711 enarrentur,
1491 2668 1552 2700 sed
1577 2672 1722 2699 tantum-

213 2736 316 2768 modo
343 2745 454 2767 rerum
480 2744 566 2775 quae
594 2737 715 2775 postea
742 2735 822 2762 sunt
849 2735 965 2772 gestae
993 2729 1273 2761 illustrandamm
1299 2738 1400 2759 causa
1426 2730 1637 2768 repetantur,
1664 2735 1720 2756 eas

214 2803 353 2835 quoque
378 2792 532 2824 actiones
559 2800 647 2832 quae
670 2789 775 2830 vulgo
797 2788 1010 2830 imperfectis
1024 2786 1209 2829 significari
1224 2785 1360 2817 soleant
1375 2783 1573 2826 punctative
1588 2782 1722 2814 aoristis

208 2850 409 2884 constativis
436 2848 586 2881 nuntiari
610 2847 670 2891 (de
696 2857 764 2889 qua
791 2857 825 2877 re
851 2845 941 2877 infra
964 2845 981 2889 ἓ
1011 2853 1050 2876 12
1079 2843 1262 2887 pluribus).
