2119 3342
1072 194 1137 240 24

344 324 475 373 unde
496 323 837 387 imperfectum
858 322 924 369 ab
944 320 999 368 iis
1019 320 1296 368 vocabatur
1322 316 1479 387 χρόνος
1497 314 1863 385 παρατατικός,

345 405 480 469 quod
531 421 714 452 nomen
766 401 1043 450 Scholiasta
1087 401 1152 449 ad
1193 398 1420 463 Dionysii
1459 396 1667 445 Thracis
1705 406 1863 444 artem

343 486 721 551 grammaticam
754 485 821 532 sic
854 483 1274 546 interpretatur1):
1299 478 1591 549 παρατατικός
1613 479 1696 529 ἐστι
1717 474 1865 528 καθ’ἒν

343 574 366 619 ὁ
401 567 479 634 μὲν
519 567 673 636 χρόνος
705 564 978 634 παρῷχηται,
1009 564 1064 614 τὸ
1097 563 1155 614 δὲ
1189 561 1336 631 ἔργον
1368 557 1504 630 μετὰ
1535 557 1866 629 παρατάσεως

343 650 672 717 πέπρακται,
695 645 779 697 οἷον
808 644 1050 704 ἔτυπτον,
1074 642 1300 703 ἔπειθον,
1322 641 1658 704 ἐπαι’ὂευον.2)
1681 640 1866 701 Quam-

349 747 500 793 quam
517 739 683 777 autem
699 727 973 791 praesentis
987 726 1157 773 thema
1173 723 1336 772 multis
1353 724 1509 787 iisque
1525 720 1866 769 diversissimis

347 811 508 858 modis
546 810 787 858 formatur
826 818 1040 870 suntque
1072 823 1220 869 porro
1252 805 1477 853 themata
1511 802 1786 866 praesentis
1818 811 1868 849 et

350 891 517 939 aoristi
540 907 751 954 quorum
765 889 981 937 rationes
1003 906 1050 935 m
1064 905 1093 935 o
1106 905 1129 934 r
1141 887 1213 950 ph
1226 885 1324 934 olo
1335 886 1470 949 gica
1483 901 1510 932 e
1530 900 1730 947 prorsus
1744 883 1870 930 inter

348 990 402 1020 se
436 971 616 1019 similes
648 981 760 1018 sunt
794 969 1128 1033 (conferantur
1148 986 1190 1016 e.
1213 985 1262 1032 g.
1297 967 1488 1015 formae
1520 963 1638 1032 ἔφην,
1669 962 1869 1032 ἔγραφον,

349 1052 547 1121 ὲγλυφον,
582 1050 750 1120 ἔγεμον,
785 1068 916 1114 quae
949 1049 1254 1113 imperfecta,
1289 1066 1399 1096 cum
1427 1047 1595 1094 formis
1617 1044 1870 1092 simillimis

350 1133 490 1193 ἔστην,
512 1131 710 1201 ἔτραπον,
733 1130 902 1200 ἔφυγον,
926 1131 1133 1199 ἐγενόμην
1156 1147 1286 1194 quae
1307 1129 1474 1177 aoristi
1494 1128 1667 1191 suntss),
1683 1136 1869 1186 tamen,

351 1215 487 1280 quod
527 1215 591 1262 ad
629 1213 1040 1278 syntacticum
1078 1228 1222 1259 usum
1253 1210 1443 1269 attinet,
1478 1226 1652 1257 omnes
1680 1208 1872 1256 formae

352 1295 691 1361 praesenticae
742 1305 989 1358 utcunque
1039 1293 1284 1341 formatae
1334 1292 1428 1338 hac
1477 1308 1530 1338 re
1575 1299 1870 1354 congruunt,

353 1378 488 1442 quod
540 1377 759 1424 animum
810 1375 1054 1424 audientis
1105 1375 1210 1422 sive
1260 1372 1456 1421 lectoris
1504 1371 1769 1419 attendunt
1806 1370 1872 1418 ad

353 1459 550 1506 diversa
581 1456 786 1506 actionis
808 1466 1080 1514 momenta,
1104 1471 1235 1518 quae
1255 1465 1514 1518 tamquam
1547 1451 1672 1500 line
1687 1468 1717 1499 a
1741 1449 1873 1499 evol-

356 1551 554 1596 vuntur,
622 1539 740 1586 dum
798 1538 931 1586 omni
987 1538 1036 1585 vi
1093 1535 1365 1601 perfectiva
1421 1551 1621 1598 prorsus
1676 1542 1873 1594 carent3

354 1622 637 1685 exprimunt
704 1620 951 1668 actionem
1009 1618 1381 1680 cursivam4),
1441 1614 1875 1679 parataticam

355 1704 383 1752 i.
425 1720 468 1751 e.
529 1702 855 1761 extensivam‚
914 1700 1130 1764 denique
1187 1699 1399 1747 action
1416 1713 1506 1744 em
1563 1695 1872 1743 infectam.

357 1784 734 1847 Imperfecto
786 1783 978 1845 igitur
1029 1781 1194 1829 actio
1244 1779 1478 1827 infecta
1521 1777 1595 1825 ad
1634 1786 1874 1839 tempus

357 1865 763 1930 praeteritum
811 1863 1095 1911 refertur.
1115 1863 1147 1924 ⁵)
1191 1861 1270 1908 Ex
1308 1861 1364 1907 iis
1404 1876 1534 1922 quae
1572 1857 1876 1921 praecedunt

357 1947 478 1995 varii
516 1945 788 2010 imperfecti
829 1962 944 1992 usus
976 1942 1119 1991 facile
1158 1941 1370 1990 derivari
1409 1950 1632 2004 possunt.

358 2130 396 2152 or
429 2130 465 2151 as
498 2119 647 2150 aoristic.
682 2118 756 2149 The
789 2121 929 2159 present
963 2120 1050 2148 stem
1076 2116 1189 2147 shows
1215 2125 1259 2146 an
1284 2113 1401 2146 action
1426 2111 1666 2154 extended,
1692 2111 1749 2144 the
1773 2111 1878 2143 aorist

357 2189 401 2209 an
427 2177 542 2209 action
568 2175 848 2208 concentrated'’.

411 2234 444 2278 1)
469 2233 618 2266 Bekkeri
646 2231 780 2265 Anecd.
808 2244 843 2274 p.
871 2231 951 2275 889,
980 2240 1019 2263 21
1051 2241 1130 2272 sqq.

407 2291 444 2335 2)
471 2290 734 2323 Observandum
756 2294 807 2321 est
825 2289 895 2330 jam
908 2289 964 2320 hic
979 2288 1128 2320 discerni
1142 2297 1194 2327 χρ
1205 2283 1220 2317 ό
1231 2296 1270 2316 νο
1281 2296 1295 2315 ν
1309 2285 1507 2329 (Zeitstufe)
1522 2285 1563 2317 ab
1576 2282 1683 2324 ’ἔργῳ
1697 2283 1877 2328 (Aktion).

409 2346 446 2393 3)
475 2348 528 2380 Cf.
555 2349 693 2389 Brugm.
721 2347 779 2379 Gr.
807 2346 892 2378 Gr.³
918 2357 951 2388 p.
980 2344 1060 2378 268.

408 2407 446 2449 4)
475 2417 544 2448 qua
578 2416 662 2437 voce
696 2415 777 2436 usus
812 2415 887 2436 sum
913 2404 1109 2435 auctoribus
1135 2402 1371 2434 Delbrueckio
1397 2407 1430 2433 et
1456 2402 1691 2443 Brugmanno,
1715 2400 1775 2442 qui
1801 2399 1877 2443 (1.1.

362 2476 395 2507 p.
423 2463 508 2506 472)
545 2473 665 2494 vocem
706 2462 923 2504 „Kursive
959 2459 1152 2492 Aktion”
1188 2461 1235 2492 sic
1268 2460 1527 2501 interpretatur:
1564 2459 1651 2500 „Die
1686 2457 1878 2500 Handlung

361 2522 448 2553 wird
479 2520 679 2553 verlaufend
713 2519 915 2561 vorgestellt
950 2519 1038 2550 ohne
1073 2518 1262 2550 Riicksicht
1296 2518 1357 2549 auf
1386 2518 1542 2549 einzelne
1577 2516 1668 2548 Akte
1693 2515 1877 2547 innerhalb

364 2579 546 2611 derselben
584 2578 654 2609 und
691 2588 741 2619 so,
774 2577 851 2608 dass
887 2576 1061 2620 Anfangs-
1094 2575 1167 2607 und
1202 2575 1396 2617 Endpunkt
1429 2585 1489 2606 aus
1524 2574 1602 2605 dem
1629 2571 1878 2605 Gesichtskreis

362 2637 516 2679 bleiben,
550 2636 614 2667 wie
649 2646 675 2666 z.
699 2636 737 2666 B.
764 2635 822 2666 bei
848 2634 931 2665 nhd.
962 2639 1131 2676 tragen,
1158 2634 1348 2674 steigen.
1373 2632 1512 2675 (Bisher
1537 2631 1638 2663 meist
1664 2631 1716 2662 du
1729 2630 1877 2662 rative

364 2694 446 2726 oder
471 2692 800 2734 imperfektive
827 2691 1032 2723 Aktionsart
1059 2689 1266 2734 genannt.)'’

413 2750 450 2794 5)
474 2749 728 2782 Tantummodo
755 2748 996 2791 imperfectum
1020 2748 1123 2790 ’ἔφην
1150 2748 1218 2780 duo
1233 2748 1379 2780 aetionis
1401 2758 1526 2790 genera
1547 2745 1733 2789 (actionem
1746 2745 1878 2778 aoristi-

365 2819 438 2841 cam
472 2813 504 2840 et
538 2808 709 2839 actionem
745 2805 999 2849 praesentieam)
1033 2806 1224 2848 exprimere
1259 2816 1374 2848 posse,
1399 2816 1460 2837 suo
1484 2804 1560 2836 loco
1585 2803 1678 2847 (cum
1704 2803 1746 2835 de
1771 2804 1876 2835 verbo

368 2866 517 2912 λέγειν
544 2870 577 2901 et
603 2865 681 2899 aliis
707 2865 820 2902 verbis
847 2864 986 2899 dicendi
1007 2874 1117 2909 agam,
1143 2863 1159 2910 ξ
1185 2864 1245 2908 21)
1272 2850 1505 2900 demonstrare
1531 2862 1692 2898 conabor.
