2119 3342
1064 195 1154 226 122

341 323 418 378 τὴν
467 323 651 373 ἐπίνοιαν
691 326 776 380 τοῖς
814 318 1087 389 Ἀκαρνᾶσιν,
1127 322 1184 380 ὡς
1221 317 1278 370 ου
1317 319 1727 387 προσεδέξαντο
1767 322 1862 369 κτλ.

343 404 371 451 i.
395 420 437 452 e.
486 420 626 461 „cum
664 400 918 450 eonsilium
959 401 1064 465 ejus
1104 417 1204 448 non
1243 399 1566 463 probarent‘',
1614 416 1715 462 quo
1753 397 1864 447 1000

347 483 411 532 nil
460 483 549 532 nisi
598 483 646 531 id
685 483 822 546 quod
863 482 1156 530 Acarnanes
1194 479 1348 530 libero
1390 480 1595 529 consilio
1635 497 1696 528 ea
1735 496 1867 544 quae

347 564 718 613 Demosthenes
767 563 1025 628 proposuit
1075 563 1417 626 improbarunt
1456 562 1732 611 constative
1771 562 1864 625 sig-

350 646 589 707 nificatur,
642 646 938 710 repugnatio
991 645 1314 708 („resistanee
1353 655 1404 692 to
1443 642 1726 707 pressure”)
1767 660 1867 691 non

351 728 662 792 exprimitur,
721 727 894 775 ceteris
951 725 1070 774 loeis
1122 726 1299 790 quibus
1349 725 1448 774 ind.
1501 743 1603 774 aor.
1660 724 1870 773 occurrit

352 810 416 873 (II
475 823 554 872 70,
605 826 661 870 2,
697 809 769 856 IV
815 812 926 869 106,
972 825 1028 869 2,
1068 808 1115 854 V
1159 810 1239 870 78,
1288 824 1339 868 1,
1379 808 1496 855 VIII
1539 812 1584 867 6,
1630 808 1678 870 3)
1718 822 1868 870 nega-

352 892 421 939 tio
460 892 617 939 abest.

426 972 579 1020 Verbi
633 971 866 1035 simplicis
912 971 1178 1040 δέχεσθαι
1235 988 1437 1034 quoque
1493 970 1629 1034 impf.
1689 969 1870 1018 eodem

355 1053 506 1101 modo
574 1063 835 1117 usurpatur
894 1053 961 1100 III
1021 1056 1102 1113 64,
1165 1069 1190 1114 3
1248 1052 1326 1109 τὴν
1383 1057 1627 1104 τελευταίαν
1683 1073 1725 1102 τε
1779 1051 1874 1119 πρὶν

355 1139 698 1205 περιτειχίζεσθαι
755 1135 991 1203 πρόκλησιν
1049 1136 1089 1194 ἐς
1135 1137 1328 1203 ἡσυχίαν
1369 1164 1436 1169 ——
1475 1131 1570 1184 οὐκ
1619 1133 1877 1201 ἐδέχεσθε

365 1218 618 1281 „accipere
666 1215 1022 1265 recusabatis'’.
1076 1215 1317 1280 Ejusdem
1368 1216 1508 1264 verbi
1547 1214 1681 1279 impf.
1724 1230 1875 1278 nega-

357 1300 491 1346 tione
541 1299 737 1363 adjecta
788 1315 935 1346 sensu
984 1298 1186 1362 proprio
1227 1297 1418 1360 („urbe,
1460 1296 1721 1344 moenibus
1759 1295 1876 1343 reci-

358 1397 475 1445 pere
525 1380 810 1443 recusare”)
862 1390 1126 1444 usurpatur
1175 1379 1310 1427 hisce
1360 1378 1507 1427 locis:
1557 1377 1627 1425 VI
1680 1392 1761 1439 50,
1821 1392 1878 1438 33

365 1477 449 1524 51,
498 1479 546 1524 1,
590 1477 670 1524 52,
719 1479 771 1523 1,
815 1466 894 1520 62,
941 1478 996 1522 2,
1036 1461 1153 1508 VIII
1202 1475 1277 1523 17,
1323 1477 1367 1522 3.

430 1544 583 1591 Porro
604 1544 699 1591 hue
719 1544 966 1607 pertinent
987 1543 1016 1590 ii
1037 1542 1130 1591 Ioci
1152 1543 1330 1606 quibus
1350 1543 1488 1591 verbi
1514 1563 1770 1610 προσχωρ
1786 1563 1802 1591 ε
1817 1546 1879 1602 ῖν,

363 1642 423 1673 ea
474 1624 835 1690 significatione
874 1642 1004 1688 quae
1043 1635 1120 1673 est
1165 1625 1257 1686 „ad
1296 1623 1499 1689 alicujus
1537 1633 1705 1688 partes
1744 1640 1880 1671 acce-

362 1707 531 1765 dere''‚
583 1724 663 1769 „se
700 1707 884 1756 dedere
923 1706 1115 1766 alieui‘',
1155 1706 1446 1770 imperfecto
1486 1706 1756 1770 negatione
1795 1705 1878 1753 ad-

357 1790 530 1854 juncta
580 1789 713 1837 irrita
763 1806 934 1837 eorum
975 1789 1057 1852 qui
1097 1788 1400 1836 deditionem
1440 1788 1544 1836 sive
1590 1788 1882 1835 societatem

363 1872 575 1919 suadent
625 1871 887 1919 conamina
939 1870 1294 1931 describuntur,
1345 1887 1553 1934 nempe:
1608 1870 1676 1917 III
1732 1883 1776 1931 7,
1821 1883 1880 1930 5,

368 1956 448 2013 88,
503 1970 559 2014 4,
615 1969 696 2014 91,
753 1969 810 2014 3,
862 1952 983 1999 VIII
1037 1956 1118 2010 62,
1171 1968 1228 2013 3,
1289 1968 1400 2014 103,
1463 1969 1503 2012 1,
1546 1952 1724 2015 quibus
1761 1949 1883 1998 locis

368 2034 771 2083 annumerandus
818 2043 894 2082 est
942 2032 1079 2081 loeus
1131 2034 1175 2080 II
1232 2037 1312 2093 66,
1368 2050 1390 2080 2
1446 2032 1588 2090 ἐπειδὴ
1641 2030 1697 2083 οὐ
1737 2036 1888 2093 ξυνε-

366 2115 578 2184 χῶρουν
624 2115 702 2177 (²
740 2113 787 2165 οὐ
834 2114 1165 2184 προσεχώρουν).
1211 2115 1398 2163 Aoristi
1440 2115 1538 2162 ind.
1580 2132 1691 2162 curn
1737 2131 1887 2177 nega-

366 2198 502 2245 tione
551 2196 841 2261 conjunctus
887 2214 985 2244 non
1037 2196 1283 2245 invenitur
1333 2197 1421 2244 nisi
1472 2197 1540 2244 III
1594 2213 1706 2256 102,
1755 2213 1773 2243 1
1819 2224 1888 2231 -

371 2283 446 2330 καὶ
476 2279 755 2347 πορευόμενος
788 2281 977 2329 Οἰνεῶνα
1008 2281 1119 2347 αἱρεῖ
1145 2276 1285 2329 αὐτῶν
1319 2280 1394 2329 καὶ
1429 2277 1672 2330 Ευποῖλιον·
1715 2275 1772 2328 οὐ
1801 2275 1890 2346 γὰρ

368 2361 832 2429 προσεχώρησαν,
864 2360 946 2407 ubi
979 2377 1082 2408 aor.
1109 2358 1211 2407 vim
1241 2359 1393 2408 habet
1425 2358 1662 2424 plqpfeeti
1698 2359 1888 2407 Latini:

379 2441 704 2501 „Oeneonem
751 2451 802 2489 et
851 2440 1113 2505 Eupalium
1153 2440 1201 2488 vi
1241 2441 1370 2504 cepit
1410 2440 1787 2505 (Eurylochus),
1829 2459 1890 2490 ea

376 2523 507 2572 enim
575 2522 760 2586 oppida
827 2523 1048 2586 partibus
1105 2522 1212 2586 ejus
1270 2539 1332 2570 50
1389 2521 1564 2570 ultro
1603 2539 1724 2570 non
1783 2523 1892 2570 ad-

368 2603 764 2669 junxerant”.
807 2604 998 2652 Ceteris
1035 2602 1157 2651 loeis
1196 2603 1374 2666 quibus
1412 2604 1580 2652 aoristi
1620 2604 1717 2651 ind.
1755 2614 1891 2652 extat

377 2686 414 2748 (Ι
470 2699 549 2748 74,
605 2702 664 2746 43
723 2701 833 2746 103,
887 2700 943 2746 43
1004 2698 1114 2746 117,
1171 2701 1227 2746 33
1279 2685 1455 2745 11161,
1502 2703 1557 2746 2,
1600 2702 1681 2746 90,
1724 2702 1780 2746 43
1823 2685 1891 2732 IV

386 2780 497 2829 107,
551 2783 607 2828 33
669 2782 778 2826 109,
833 2781 887 2827 5,
949 2782 1059 2827 123,
1122 2782 1170 2826 1,
1223 2766 1268 2812 V
1324 2783 1402 2828 29,
1453 2784 1503 2828 1,
1543 2767 1665 2814 VIII
1710 2783 1789 2828 23,
1833 2770 1891 2828 6,

379 2865 462 2909 44,
509 2850 555 2912 2)
596 2848 798 2911 negatio
838 2848 995 2895 abest.
