2119 3342
766 808 1061 871 CAPUT
1099 807 1471 869 PRIMUM.

399 1071 463 1101 DE
494 1068 778 1100 IMPERFECTI
808 1068 869 1099 ET
901 1066 1092 1098 AORISTI
1122 1065 1207 1098 USU
1238 1065 1290 1097 IN
1323 1063 1512 1096 GENERE
1543 1062 1850 1095 DISPUTATUR.

436 1186 578 1233 Error
600 1183 858 1248 principalis
878 1183 957 1247 qui
975 1200 1061 1246 per
1080 1181 1226 1230 multa
1245 1180 1433 1229 saecula
1451 1180 1685 1244 prohibuit
1704 1178 1883 1243 quomi-

365 1285 451 1315 nus
500 1267 656 1314 aoristi
696 1265 824 1329 apud
860 1265 1109 1328 scriptores
1148 1263 1361 1311 Graecos
1399 1280 1507 1310 usus
1545 1272 1673 1309 recte
1710 1260 1884 1324 perspi-

367 1359 547 1397 ceretur
594 1349 667 1395 hic
715 1357 830 1406 erat,
883 1346 1011 1410 quod
1059 1362 1225 1392 omnes
1272 1344 1451 1392 formae
1501 1343 1657 1391 aoristi
1699 1353 1887 1405 tempus

366 1430 669 1493 praeteritum
716 1428 976 1493 significare
1024 1427 1325 1490 putabantur.
1380 1425 1473 1486 Qui
1519 1442 1647 1472 error
1696 1441 1755 1471 ex
1798 1422 1888 1470 alio

367 1529 525 1559 errore
561 1522 700 1559 natus
724 1527 830 1558 esse
860 1509 1053 1557 videtur.
1090 1508 1279 1571 Nempe
1311 1506 1569 1555 communis
1601 1506 1756 1569 opinio
1788 1514 1890 1552 erat

366 1593 619 1641 formarum
658 1608 836 1656 genera
874 1608 996 1654 quae
1037 1588 1373 1652 „temporum”
1413 1588 1601 1636 nomine
1637 1587 1890 1634 indicantur

368 1673 476 1721 nihil
523 1673 722 1721 indicare
759 1672 841 1719 nisi
877 1671 1102 1735 temporis
1139 1669 1428 1728 relationem,
1470 1686 1595 1732 quae
1631 1667 1889 1715 intercedat

365 1756 482 1803 inter
518 1772 630 1802 eum
667 1754 743 1817 qui
778 1753 976 1817 loquitur
1007 1763 1155 1816 atque
1183 1752 1415 1799 actionem
1448 1751 1508 1797 de
1538 1766 1631 1813 qua
1662 1748 1878 1812 loquitur.

370 1837 510 1897 Quae
558 1836 816 1883 inveterata
866 1834 1019 1897 opinio
1067 1851 1221 1880 rursus
1271 1843 1374 1880 orta
1413 1842 1513 1879 erat
1551 1848 1610 1878 ex
1645 1847 1720 1889 eo,
1760 1829 1889 1893 quod

369 1917 650 1981 antiquiores
695 1915 987 1981 grammatici
1035 1915 1080 1962 in
1117 1914 1303 1979 linguae
1339 1913 1524 1978 legibus
1560 1910 1890 1959 constituendis

369 2017 399 2047 a
447 1999 696 2047 schematis
735 1997 896 2062 logicis
933 1996 1362 2060 proficiscebantur,
1403 2012 1509 2042 cum
1547 2004 1724 2052 contra,
1764 1992 1892 2056 quod

369 2081 628 2145 posteriore
678 2080 870 2126 demum
919 2088 1055 2141 parte
1099 2077 1269 2125 saeculi
1306 2076 1503 2140 proximi
1541 2093 1570 2122 a
1606 2075 1711 2122 viris
1744 2073 1893 2121 doctis

368 2161 651 2209 intellectum
699 2171 785 2219 est,
833 2159 994 2224 lingua
1043 2159 1132 2206 vivi
1171 2158 1377 2221 corporis
1415 2156 1520 2204 loco
1558 2156 1616 2203 sit
1652 2154 1890 2213 habenda,

371 2244 500 2308 cujus
536 2241 670 2307 leges
708 2259 767 2288 ex
803 2241 943 2304 ipsius
975 2239 1371 2303 contemplatione
1404 2238 1537 2296 effici,
1571 2254 1664 2285 non
1694 2253 1723 2284 a
1754 2235 1891 2299 priori

371 2342 398 2372 e
434 2323 663 2387 principiis
699 2322 860 2387 logicis
898 2321 1093 2369 derivari
1131 2321 1351 2368 debeant.
1394 2318 1474 2366 Illa
1510 2318 1736 2382 antiquior
1772 2317 1890 2364 ratio

371 2407 496 2453 bene
546 2404 767 2469 cognosci
813 2413 971 2467 potest
1020 2420 1079 2450 ex
1122 2402 1186 2461 iis,
1234 2419 1358 2465 quae
1396 2400 1724 2448 GODOFREDUS
1763 2399 1891 2446 HER-

372 2500 569 2533 MANNUS
622 2486 665 2532 in
719 2483 873 2531 libello
938 2484 1043 2544 „De
1093 2482 1391 2530 emendanda
1441 2481 1621 2529 ratione
1673 2479 1891 2527 Graecae

372 2564 745 2632 grammaticae''
799 2566 929 2628 (pars
977 2564 1143 2627 prima,
1184 2564 1311 2626 Lips.
1361 2563 1509 2625 1801)
1549 2579 1653 2624 cap.
1695 2561 1794 2608 XV
1830 2560 1891 2607 de

372 2649 522 2695 verbo
566 2647 829 2710 disputavit,
868 2646 947 2693 ubi
984 2663 1012 2692 e
1049 2645 1400 2692 deductionibus
1438 2660 1568 2690 mere
1605 2641 1765 2707 logicis
1803 2642 1893 2688 hoc

374 2728 602 2776 concludit
633 2730 698 2791 (p.
740 2729 879 2790 180):
914 2757 1018 2797 ⁴„——
1053 2726 1456 2787 Quamobrem
1488 2724 1682 2772 omnis
1714 2722 1895 2770 verbi

373 2809 604 2857 relatio
636 2809 710 2856 ad
741 2819 1090 2871 temporum
1121 2807 1281 2854 inter
1317 2824 1381 2854 se
1412 2806 1721 2853 rationem
1748 2821 1894 2851 com-

374 2890 895 2954 parationemque
930 2889 1256 2952 pertineat
1292 2903 1554 2935 necesse
1591 2885 1731 2933 est'’.
