2119 3342
1103 189 1166 255 68

529 372 626 433 §3
669 370 761 418 De
799 366 1193 433 imperfecto
1232 369 1724 435 descriptivo1).

445 482 529 529 Ad
557 482 829 546 imperfecti
850 481 1132 544 descriptivi
1147 498 1290 529 usum
1311 480 1654 530 illustrandum
1677 483 1888 545 primum

372 562 560 627 aliquot
599 562 828 627 exempla
866 563 1046 611 afferre
1085 563 1201 610 mihi
1240 562 1413 611 liceat:

445 646 464 692 I
506 648 616 707 138,
637 661 662 707 3
697 643 1046 693 Themistoclis
1065 645 1317 709 ingenium
1339 645 1555 693 breviter
1575 645 1887 694 describitur:

371 721 433 782 ἦν
473 723 559 795 γὰρ
587 731 611 777 ὁ
639 734 814 794 Θεμιστ.
838 755 906 761 —
927 723 1048 787 ἄξιος
1079 723 1304 794 θαυμάσαι
1333 727 1642 790 (imperfecto
1664 728 1768 791 ejus
1789 728 1890 776 Vita

373 807 515 856 nobis
563 809 1126 871 repraesentatur),
1179 818 1350 855 contra
1401 808 1463 855 ib.
1504 808 1551 855 in
1592 808 1689 856 fine
1730 813 1805 859 καὶ
1844 809 1891 859 τὸ

372 886 550 956 ξύμπαν
603 891 726 939 εἰπεῖν
776 917 845 923 -
896 886 1122 956 κράτιστος
1168 888 1224 945 δὴ
1279 881 1398 949 οὗτος
1448 887 1798 957 αὐτοσχεδιάζειν
1836 886 1891 941 τὰ

372 970 526 1021 δέοντα
564 968 772 1039 ἐγένετο
812 969 1017 1034 (aoristo
1051 970 1330 1019 constativo
1362 971 1600 1035 judicium
1639 972 1890 1035 scriptoris

371 1053 805 1116 memoratur).

443 1134 483 1180 ΙΙ
518 1150 583 1197 49
619 1151 728 1198 sqq.
764 1132 928 1181 multis
959 1133 1258 1197 imperfectis
1285 1134 1571 1182 describitur
1611 1133 1891 1199 pestilentia

354 1233 471 1278 ,qua
529 1215 762 1263 Athenae
818 1232 950 1263 anno
1001 1215 1494 1279 quadringentesimo
1544 1216 1791 1264 tricesimo
1843 1234 1887 1265 a.

373 1296 489 1344 Chr.
532 1314 577 1345 n.
621 1296 1058 1358 conflictabantur,
1098 1297 1598 1345 animadvertendum
1638 1308 1713 1345 est
1751 1298 1798 1345 in
1832 1315 1891 1346 ea

365 1377 716 1445 descriptione,
757 1377 1152 1441 quotiescunque
1190 1394 1335 1425 casus
1381 1377 1640 1441 peculiaris
1683 1378 1747 1426 ad
1791 1369 1890 1426 illu-

371 1459 626 1507 strandam
648 1460 980 1508 conditionem
1002 1460 1284 1507 universam
1306 1470 1624 1518 memoratur,
1653 1460 1890 1508 aoristum

373 1542 704 1589 constativum
752 1541 990 1601 adhiberi,
1040 1540 1177 1589 velut
1228 1556 1308 1602 50,
1358 1558 1374 1588 1
1419 1542 1465 1592 τὸ
1504 1540 1615 1602 εἶδος
1651 1551 1728 1602 τῆς
1764 1542 1890 1594 νόσου

369 1621 427 1674 τοί
471 1645 514 1673 τε
564 1619 684 1673 ἄλλα
735 1623 1044 1692 χαλεπωτέρως
1094 1623 1121 1677 ὴ
1175 1620 1291 1674 κατὰ
1341 1622 1419 1680 τὴν
1466 1623 1730 1692 α’νθρωπείαν
1769 1622 1891 1692 φύσιν

370 1703 725 1773 προσέπιπτεν
758 1702 921 1772 έκοῖστῳ
956 1706 1030 1756 καὶ
1064 1706 1105 1755 ἐν
1136 1706 1243 1772 τῷδε
1276 1705 1518 1761 ἐδήλωσε
1549 1703 1745 1773 μάλιστα
1766 1710 1888 1768 κτλ.;

360 1800 455 1854 52,
515 1803 532 1833 Ι
589 1787 759 1837 ἐπιέσε
810 1782 852 1836 δ’
894 1783 1050 1847 αὐτοὺς
1089 1815 1156 1820 -
1197 1787 1271 1836 καὶ
1324 1789 1352 1841 ἡ
1405 1786 1654 1854 ξυγκομιδὴ
1710 1788 1757 1837 ἐκ
1806 1798 1889 1838 τῶν

371 1865 518 1936 ἅγρων
552 1869 592 1928 ἐς
622 1868 669 1918 τὸ
704 1864 838 1919 ἄστυῑ
875 1868 1058 1915 aoristo
1093 1885 1279 1915 novum
1307 1868 1677 1915 incommodum
1706 1885 1890 1917 memo-

369 1960 519 2009 ratur,
572 1949 709 2014 cujus
759 1949 937 2014 singuli
989 1949 1194 1997 effectus
1245 1948 1291 1996 in
1343 1949 1398 1997 iis
1449 1966 1581 2013 quae
1618 1960 1890 2013 sequuntur

371 2030 669 2095 imperfectis
708 2031 1075 2080 describuntur:
1117 2033 1380 2099 ἐγίγνετο,
1414 2029 1638 2092 ἔκειντο,
1672 2032 1890 2082 ἐκαλιν-

370 2114 565 2163 δοῦντο
609 2122 701 2160 etc.

442 2193 523 2241 De
560 2192 672 2241 loco
713 2193 758 2240 ΙΙ
802 2196 883 2254 84,
928 2210 952 2255 3
995 2194 1053 2241 cf.
1097 2211 1246 2257 supra
1286 2211 1332 2257 p.
1379 2198 1457 2242 26.

442 2274 509 2321 III
564 2277 645 2334 81,
690 2291 715 2336 3
751 2292 861 2339 sqq.
908 2275 1250 2323 describuntur
1283 2274 1470 2324 atrocia
1501 2275 1720 2323 facinora
1758 2293 1889 2340 quae

369 2373 399 2403 a
456 2355 670 2403 factione
726 2355 952 2419 populari
1004 2357 1051 2404 in
1102 2355 1258 2404 insula
1315 2357 1534 2420 Corcyra
1586 2356 1888 2420 aliquamdiu

371 2437 800 2500 perpetrabantur,
854 2455 953 2501 quo
1006 2437 1133 2498 loco,
1186 2455 1347 2502 aeque
1396 2455 1454 2486 ac
1492 2439 1538 2485 in
1579 2438 1888 2502 pestilentiae

371 2518 719 2582 descriptione,
754 2520 971 2567 conditio
991 2519 1241 2584 generalis
1263 2521 1561 2583 imperfectis
1582 2521 1885 2580 describitur,

371 2600 504 2648 facta
559 2610 725 2648 autem
783 2600 1052 2665 singularia
1109 2602 1302 2650 aoristis
1359 2612 1723 2650 memorantur:
1775 2604 1804 2665 ἓ
1856 2620 1887 2663 4

423 2762 456 2805 1)
487 2764 539 2795 Cf.
579 2774 681 2805 supra
719 2774 752 2804 p.
789 2763 852 2805 263
890 2762 1058 2805 imprimis
1093 2763 1203 2795 refero
1236 2763 1280 2795 ad
1314 2763 1351 2795 id
1385 2763 1479 2805 quod
1513 2762 1642 2794 ibidem
1676 2762 1748 2794 dixi
1781 2762 1887 2795 multa

371 2821 570 2862 imperfecta
609 2831 696 2862 quae
735 2821 953 2862 descriptivis
987 2821 1211 2852 annumeravi
1245 2832 1356 2863 aequo
1388 2821 1462 2862 jure
1500 2831 1561 2862 pro
1597 2820 1764 2851 iterativis
1797 2819 1885 2862 (sive

370 2879 551 2922 durativis)
577 2879 698 2911 haberi
724 2889 837 2921 posse.
