2119 3342
904 203 966 250 45

249 331 402 380 Verbi
448 334 655 382 οἴεσθαι
694 329 830 394 impf.
872 347 1024 394 saepe
1063 331 1285 391 occurrit,
1308 330 1406 379 ind.
1430 346 1533 378 aor.
1556 329 1690 376 hisce

177 423 371 462 tantum
410 411 529 460 locis
567 411 770 476 legitur:
813 412 883 458 IV
925 415 1006 473 63,
1055 429 1071 459 1
1115 413 1161 462 τὸ
1200 411 1364 472 ἐλλιπὲς
1403 421 1478 472 τῆς
1509 410 1690 479 ’γνώμης

178 491 236 545 ὧν
283 492 461 555 ἕκαστός
509 516 571 554 τις
608 494 863 562 ᾠήθημεν
901 492 1073 562 προέξειν
1112 500 1206 553 ταῖς
1245 490 1474 561 κωλύμαις
1513 489 1691 551 ταύταις

179 579 337 636 ἱκανῶς
386 579 636 643 νομίσαντες
681 578 916 642 εἱρχθῆναι,
964 572 1062 634 τοὺς
1106 576 1337 642 ἐφεστῶτας
1375 578 1603 642 πολεμίους
1644 575 1690 623 ἐκ

176 667 252 719 τῆς
288 656 436 726 χώρας
477 655 817 724 οἷποπέμπωμεν;
861 655 1218 704 Hermocrates
1259 654 1536 704 Sicilienses
1578 654 1690 702 civi-

177 750 304 788 tates
370 739 664 786 adhortatur
720 747 772 786 ut
829 736 1155 785 simultatibus
1213 738 1392 785 mutuis
1450 737 1689 801 depositis

178 837 351 868 omnes
384 820 682 884 conjunctim
718 819 1053 866 Athenienses
1086 836 1112 867 e
1134 818 1295 866 Sicilia
1316 818 1597 882 expellant3
1620 836 1681 867 ea

177 903 324 965 igitur
361 919 491 966 quae
528 902 654 949 inter
692 918 745 949 se
784 911 962 964 parant
1001 900 1253 948 molimina
1293 897 1369 964 (ὧν
1408 898 1587 961 ἕκαστος
1626 923 1689 961 τις

176 985 375 1054 ᾠήθημεν
425 981 615 1053 προῖξειν)
668 1000 818 1046 quam
857 983 1146 1031 brevissime
1179 982 1363 1031 aoristo
1404 981 1688 1046 (complex.)

177 1065 406 1126 absolvit,
455 1075 508 1113 ut
559 1065 750 1113 animos
800 1065 1103 1113 audientium
1143 1082 1295 1129 quam
1334 1064 1587 1113 celerrime
1627 1066 1690 1113 ab

179 1147 234 1194 iis
285 1157 506 1208 avertat3
547 1147 615 1194 III
659 1162 738 1208 39,
782 1162 807 1207 3
850 1148 890 1196 ἐν
929 1143 960 1214 ᾧ
999 1143 1084 1215 γὰρ
1116 1148 1385 1215 ᾠήθησαν
1418 1147 1691 1216 περιέσεσθαι,

177 1229 361 1280 ἐπέθεντο
407 1232 512 1296 ἡμῖν
563 1226 641 1278 οὐκ
692 1228 1019 1296 ἀδικουμένοις;
1073 1245 1176 1276 aor.
1222 1239 1409 1276 certum
1448 1228 1689 1292 temporis

177 1321 484 1359 momentum
517 1310 699 1358 indicat
728 1327 828 1373 quo
862 1308 1147 1373 Mytilenaei
1178 1309 1559 1357 Atheniensium
1581 1310 1691 1357 civi-

177 1403 347 1452 tatem,
406 1390 537 1440 bello
594 1392 871 1455 morboque
928 1391 1223 1450 confectam,
1276 1392 1502 1456 aggressi
1554 1402 1695 1453 sunt3

178 1475 248 1521 IV
311 1490 421 1536 130,
484 1488 508 1535 5
565 1475 639 1524 καὶ
691 1473 988 1542 προσπεσόντες
1036 1473 1252 1541 τρέπουσιν
1304 1470 1402 1540 ἅμα
1439 1472 1518 1540 μὲν
1556 1471 1687 1545 μα’χη

178 1558 388 1624 αἰφνιδίῳ,
441 1551 538 1623 ἅμα
588 1554 635 1605 δὲ
680 1561 766 1615 τοῖς
813 1552 1052 1615 Ἀθηναίοις
1098 1565 1179 1605 τῶν
1218 1559 1363 1605 πυλῶν
1404 1554 1694 1622 οἷνοιγομένων

176 1638 460 1707 φοβηθέντων·
496 1638 772 1705 ᾠήθησαν
810 1634 895 1705 ’γὰρ
933 1636 1016 1687 οἷπό
1054 1633 1355 1705 προειρημένου
1395 1636 1505 1696 τινος
1545 1633 1688 1696 αὐτοῖς

174 1719 252 1776 τὴν
310 1721 562 1788 ἐπιχείρηοιν
613 1718 829 1786 γενέσθαιῑ
880 1735 982 1767 aor.
1033 1728 1311 1782 usurpatur,
1366 1718 1482 1781 quia
1533 1718 1694 1782 desig-

178 1812 322 1849 natur
371 1801 537 1864 opinio
589 1810 726 1848 certo
765 1800 1004 1863 temporis
1044 1810 1315 1860 momento,
1357 1799 1541 1847 scilicet
1579 1816 1690 1847 cum

177 1894 353 1947 portae
394 1882 785 1930 Atheniensibus
824 1892 1029 1945 apertae
1068 1892 1196 1939 sunt,
1237 1892 1371 1942 orta3
1411 1882 1506 1928 VII
1545 1885 1625 1941 66,
1666 1897 1692 1943 3

179 1962 334 2033 ἄνδρες
384 1961 468 2033 γὰρ
519 1961 687 2014 ἐπειδᾶν
740 1959 771 2032 ᾧ
813 1962 977 2024 α’ξιοῦσι
1015 1961 1213 2031 προῦχειν
1253 1967 1531 2024 κολουσθῶσι,
1570 1963 1616 2014 τό
1656 1960 1697 2031 γ’

178 2047 405 2098 ὑπόλοιπον
453 2043 593 2096 αὐτῶν
630 2055 706 2105 τῆς
747 2044 881 2105 δόξης
920 2044 1209 2113 οἷσθενέστερον
1249 2043 1352 2095 αὐτὸ
1393 2049 1548 2096 ἑαυτοῦ
1587 2047 1695 2095 ἐστιν

179 2129 206 2184 ἢ
247 2132 281 2179 εἰ
310 2125 418 2196 μηδ’
455 2129 718 2197 ᾠήθησαν
749 2127 794 2176 τὸ
828 2137 990 2195 πρῶτον
1023 2127 1107 2190 (se.
1140 2124 1361 2195 προύχειν)
1392 2127 1418 2174 i.
1443 2144 1485 2175 e.
1518 2143 1696 2190 „quam

180 2211 219 2258 si
267 2210 468 2258 omnino
528 2225 800 2272 numquam
858 2225 968 2256 eam
1002 2209 1356 2272 opinionem
1391 2208 1453 2256 de
1484 2225 1538 2256 se
1569 2225 1696 2256 con-

181 2291 580 2355 cepissent”:
624 2291 835 2338 aoristus
875 2300 949 2337 est
988 2291 1305 2354 ingressivus.

252 2374 406 2421 Verbi
435 2376 725 2441 φαίνεσθαι
760 2371 913 2419 multo
945 2371 1107 2436 plures
1129 2371 1468 2435 praesenticae
1490 2371 1695 2429 formae,

181 2455 227 2503 in
280 2455 456 2520 quibus
501 2455 637 2517 impf.
685 2470 763 2514 29,
806 2471 955 2517 quam
995 2453 1251 2501 aoristicae
1292 2464 1563 2501 occurrunt.
1606 2454 1698 2500 Im-

182 2537 401 2601 perfecto
452 2535 746 2599 plerumque
786 2536 1072 2599 adjunctum
1112 2545 1187 2582 est
1226 2552 1408 2582 nomen
1448 2535 1698 2598 praedica-

182 2619 338 2666 tivum
390 2618 561 2681 (subst.
612 2617 715 2664 sive
768 2617 967 2680 adject.)
1019 2617 1123 2664 sive
1162 2617 1468 2664 enuntiatum
1509 2616 1698 2679 praedi-

183 2700 414 2759 cativum,
448 2698 742 2763 significanti
790 2699 1147 2759 „videbatur
1186 2698 1486 2761 (-antur)”3
1517 2698 1698 2761 ubique

183 2781 423 2829 indicatur
461 2779 644 2844 aliquid
686 2780 820 2843 quod
853 2778 1155 2843 aliquamdiu
1189 2780 1341 2828 menti
1375 2779 1695 2841 obversatur3

184 2862 279 2911 loci
316 2873 428 2911 sunt
465 2862 539 2910 hi:
576 2863 594 2909 I
635 2876 718 2924 95,
756 2878 814 2924 33
855 2875 965 2924 107,
1006 2879 1061 2924 33
1098 2863 1140 2909 II
1179 2878 1257 2922 20,
1302 2878 1360 2923 43
1401 2878 1479 2921 21,
1524 2878 1579 2922 23
1619 2874 1696 2923 27,
