2119 3342
905 183 998 226 109

188 312 483 376 imperfectis
540 328 668 376 quae
724 311 855 358 hisce
911 309 1104 358 duobus
1154 307 1273 357 locis
1324 306 1579 371 leguntur:
1633 304 1702 353 IV

190 410 273 454 41,
336 410 361 455 3
422 395 479 458 (οἱ
533 392 893 460 Λακεδαιμόνιοι)
950 387 1343 459 ἐπρεσβεύοντο
1400 385 1499 456 παρ’
1549 384 1704 446 αὐτοὺς

189 475 236 538 (i.
272 492 314 523 e.
364 472 462 535 τοὺς
513 471 781 536 Ἀθηναίους)
830 476 904 522 καὶ
955 473 1168 540 ἐπειρῶντο
1214 471 1293 525 τήν
1345 491 1387 519 τε
1437 466 1582 519 Πύλον
1630 469 1704 518 καὶ

190 553 289 616 τοὺς
328 553 495 623 ἄνδρας
528 557 777 622 κομίζεσθαι
812 552 1121 616 (imperfecto
1156 549 1541 598 Lacedaemonii
1572 548 1706 611 lega-

190 638 335 685 tionis
403 636 585 683 exitum
655 643 1002 697 exspectantes
1060 631 1431 695 designantur)3
1490 629 1707 677 similiter

191 719 307 766 VIII
347 731 425 781 71,
466 733 490 779 3
521 713 630 784 μετὰ
661 714 846 766 δὲτοῦτο
866 712 1046 780 παροίτε
1066 709 1276 780 τονἈγιν
1316 708 1707 780 ἐπρεσβεύοντο

191 797 313 850 οὐδὲν
367 794 497 854 ἧσσον
549 798 577 845 i.
613 813 654 844 e.
716 795 939 859 „legatos
990 794 1225 841 miserunt
1273 793 1354 856 qui
1406 792 1468 840 de
1507 791 1707 839 foedere

192 879 451 944 agerent’'.
524 879 578 926 In
636 877 809 925 ceteris
864 875 983 924 locis
1040 875 1217 938 quibus
1273 874 1406 937 impf.
1468 872 1709 936 reperitur

194 961 336 1009 simul
385 961 512 1009 actio
551 960 728 1007 iterata
767 958 1055 1021 imperfecto
1096 956 1413 1019 significatur,
1453 955 1521 1002 ita
1559 964 1613 1001 ut
1649 970 1709 1001 ea

194 1043 482 1106 imperfecta
530 1058 664 1088 mere
715 1039 1055 1103 exspectativa
1094 1037 1186 1085 dici
1225 1053 1324 1085 non
1363 1036 1567 1100 possint.
1610 1034 1709 1096 Qui

194 1123 288 1172 loci
327 1133 438 1171 sunt
477 1123 552 1169 hi:
595 1123 613 1168 l
663 1125 773 1181 126,
823 1137 839 1167 1
886 1122 926 1170 ἐν
968 1119 1014 1170 δὲ
1051 1116 1183 1186 τούτῳ
1223 1114 1615 1186 ἐπρεσβεύοντο
1653 1125 1709 1181 τῷ

192 1205 336 1273 χρόνῳ
376 1206 637 1272 ἐγκλήματα
669 1200 908 1269 ποιούμενοι
948 1206 1041 1252 κτλ.
1083 1200 1236 1264 (impf.
1279 1199 1341 1247 de
1378 1197 1707 1263 legationibus

195 1286 463 1334 identidem
513 1285 670 1332 missis
709 1293 985 1346 usurpatur,
1025 1281 1084 1329 cf.
1125 1297 1237 1329 ann.
1282 1280 1352 1327 St.
1394 1280 1457 1326 ad
1498 1278 1707 1340 locum)·‚

205 1382 295 1429 145
350 1371 424 1418 καὶ
475 1370 512 1417 οἱ
549 1366 626 1435 μὲν
667 1364 957 1433 οἷπεχῶρησαν
998 1360 1057 1414 ἐπ’
1094 1369 1211 1413 οἴκου
1252 1365 1326 1412 καὶ
1365 1359 1502 1411 οὐκέτι
1541 1357 1709 1428 ὕστερον

197 1446 587 1518 ἐπρεσβεύοντο
633 1463 758 1506 „non
798 1444 1009 1509 amplius
1048 1461 1135 1507 per
1172 1443 1449 1507 legationes
1487 1458 1564 1488 res
1598 1457 1713 1502 age-

201 1530 372 1589 bant’'‚
424 1530 507 1593 qui
556 1528 693 1576 locus
744 1527 939 1590 respicit
988 1543 1101 1574 eum
1154 1542 1302 1589 quem
1351 1523 1502 1572 modo
1549 1522 1713 1570 lauda·

202 1611 390 1673 vimus3
432 1611 475 1658 II
518 1624 562 1673 7,
607 1627 632 1671 3
675 1607 887 1668 Ἀθηναῖοι
926 1607 973 1659 δὲ
1005 1637 1073 1643 —
1103 1605 1143 1667 ἐς
1180 1603 1234 1657 τὰ
1272 1607 1359 1674 περὶ
1391 1604 1714 1662 Πελοπόννησον

203 1697 375 1761 μᾶλλον
414 1696 558 1761 χωρία
596 1687 1013 1759 ἐπρεσβεύοντο,
1048 1689 1270 1756 Κέρκυραν
1305 1688 1379 1737 καὶ
1413 1689 1716 1753 Κεφαλληνίαν

206 1778 280 1824 καὶ
341 1771 611 1842 Ἀκαρνᾶνας
681 1776 755 1822 καὶ
806 1767 1028 1821 Ζάκυνθον
1080 1768 1231 1832 (impf.
1285 1776 1478 1831 spectat
1520 1766 1716 1813 diversa

205 1854 316 1903 loca
367 1854 431 1902 ad
471 1870 599 1917 quae
636 1852 791 1916 legati
828 1861 941 1899 sunt
979 1851 1159 1914 missi);
1200 1847 1417 1896 similiter
1457 1848 1520 1894 III
1565 1849 1645 1908 85,
1690 1863 1716 1907 3

207 1933 597 2005 ἐπρεσβεύοντο
649 1935 705 1998 (οἱ
755 1930 974 2001 φεύγοντες
1021 1942 1103 1982 τῶν
1155 1930 1444 1999 Κερκυραίων)
1483 1927 1529 1978 δὲ
1568 1929 1645 1978 καί
1681 1927 1721 1987 ἐς

206 2018 284 2075 τὴν
334 2019 653 2084 Λακεδαίμονα
700 2017 777 2065 καί
813 2014 1014 2082 Κόρινθον
1052 2016 1143 2080 περὶ
1182 2012 1402 2071 καθόδους
1442 2010 1556 2056 VIII
1601 2022 1644 2070 7,
1693 2025 1710 2056 Ι

207 2097 358 2158 ποίντες
414 2094 502 2165 γὰρ
559 2093 699 2164 κρύφα
756 2092 894 2146 αὐτῶν
953 2090 1377 2162 ἕπρεσβεύοντοῑ
1431 2090 1722 2153 imperfecto

211 2180 531 2244 respiciuntur
582 2194 753 2225 omnes
788 2174 976 2240 (πάντες)
1015 2176 1239 2223 civitates
1278 2190 1407 2237 quae
1445 2172 1724 2236 legationes

212 2262 447 2309 miserant
494 2260 575 2323 (de
623 2276 722 2322 qua
760 2275 812 2306 re
861 2258 909 2304 in
960 2256 1387 2320 praecedentibus,
1429 2272 1468 2302 c.
1515 2268 1538 2314 5
1587 2263 1636 2300 et
1678 2256 1722 2310 6,

212 2343 396 2391 dictum
446 2346 568 2404 est)3
618 2339 1113 2388 animadvertendum
1162 2347 1237 2385 est
1287 2353 1348 2384 eo
1387 2334 1513 2394 loco,
1556 2351 1726 2397 quam-

214 2441 366 2488 quam
431 2422 567 2470 notio
633 2421 870 2485 plqpfecti
938 2419 1099 2467 Latini
1162 2417 1422 2481 requiritur
1478 2414 1727 2479 („legatos

215 2504 520 2567 miserant'')‚
574 2520 704 2566 quae
751 2501 904 2565 vulgo
951 2501 1135 2548 aoristo
1184 2498 1502 2562 significatur,
1560 2507 1727 2544 tamen

217 2587 559 2650 imperfectum
608 2602 717 2632 esse
769 2583 1040 2631 adhibitum
1092 2582 1156 2628 ad
1194 2581 1294 2628 vim
1335 2578 1727 2642 exspectativam

217 2667 460 2730 simulque
496 2666 775 2714 iterativam
815 2663 1202 2728 exprimendam.

294 2748 595 2796 Indicativus
643 2746 810 2794 aoristi
858 2746 1011 2792 tribus
1057 2754 1250 2791 tantum
1301 2741 1421 2789 locis
1459 2741 1728 2788 invenitur:

225 2832 244 2880 I
298 2847 359 2891 92
418 2824 854 2897 ἐπρεσβεύσαντο
911 2827 1010 2874 vim
1068 2825 1221 2872 habet
1277 2822 1511 2887 plqpfecti
1569 2820 1730 2869 Latini
