2119 3342
1069 187 1166 232 124

353 316 473 363 dare
546 313 747 362 vellet''.
826 313 1100 377 Compositi
1184 313 1516 366 οἷποδιδόναι
1583 314 1723 378 impf.
1807 314 1875 363 ita

353 397 592 460 reperitur
652 396 718 443 IV
782 412 805 443 2
818 412 860 457 3,
934 412 950 442 1
1021 396 1095 446 καὶ
1151 392 1229 456 τὰς
1285 401 1390 457 ναῦς
1441 399 1479 446 οἱ
1533 395 1875 464 Λακεδαιμόνιοι

354 478 562 546 α’πῇτουν,
621 474 812 546 καθάπερ
867 477 1104 538 ξυνέκειτο·
1162 479 1201 527 οἱ
1256 474 1297 528 δ’
1349 474 1560 535 Ἀθηναῖοι
1611 477 1875 544 ἐγκλήματα

356 558 525 628 ἔχοντες
563 589 631 596 --
670 557 765 610 οὐκ
832 558 1173 610 α’πεδίδοσαν
1232 559 1481 622 (quamvis
1537 558 1875 621 repetentibus

354 642 564 690 reddere
614 641 929 704 recusabant)
980 650 1030 688 et
1068 639 1286 688 similiter
1325 640 1372 687 V
1413 655 1493 702 35,
1535 656 1567 701 4
1611 638 1714 690 ὥστε
1752 636 1875 691 οὔτε

356 720 500 774 Πύλον
548 720 840 774 α’παιτούντων
893 719 1033 772 αὐτῶν
1072 721 1417 772 α’πεδίδοσαν
1459 725 1553 772 κτλ.
1597 720 1873 784 Compositi

353 804 677 874 προδιδόναι
727 803 863 866 impf.
903 802 971 850 ita
1011 802 1274 850 adhibetur
1313 802 1383 849 IV
1429 818 1540 863 123,
1586 818 1609 848 2
1649 801 1875 870 τεκμαιρό·

353 907 471 954 μενοι
511 885 593 936 cin&
631 894 707 945 τῆς
745 886 935 944 Σκιώνης
966 883 1027 934 ἔτι
1066 881 1121 934 οὐ
1159 885 1455 951 προυδίδου
1496 883 1524 931 i.
1549 899 1593 930 e.
1635 882 1875 945 „prodere

356 967 676 1028 recusabat'’3
745 984 856 1014 cum
923 982 1023 1028 quo
1090 963 1203 1013 loco
1273 964 1555 1012 conferatur
1622 963 1672 1012 id
1739 964 1875 1027 quod

355 1048 536 1113 legitur
582 1048 649 1095 IV
707 1064 819 1105 122,
864 1063 889 1109 3
932 1048 1152 1115 Βρασίδας
1191 1045 1238 1097 δὲ
1277 1045 1473 1113 α’ντέλεγε
1511 1041 1653 1097 πολλοὶ
1691 1074 1760 1080 -
1799 1047 1874 1097 καὶ

355 1128 455 1181 οὐκ
494 1128 638 1197 ἀφίει
678 1129 748 1191 (z
777 1126 825 1178 οὐ
865 1128 1116 1196 προυδίδου)
1155 1126 1233 1183 τὴν
1271 1126 1409 1178 πόλιν.

428 1211 581 1259 Verbi
633 1211 832 1261 ἐθέλειν
874 1226 1075 1273 quoque
1114 1209 1405 1273 imperfecta
1444 1226 1575 1272 quae
1613 1218 1875 1257 occurrunt

356 1311 467 1341 curn
518 1293 788 1357 negatione
840 1292 1103 1355 conjuncta
1150 1291 1364 1338 eandem
1416 1291 1515 1338 vim
1549 1290 1874 1354 („resistance

355 1386 407 1423 to
453 1374 735 1438 pressure'’)
775 1374 1024 1431 exhibent,
1066 1390 1247 1436 nempe
1289 1373 1423 1420 hisce
1461 1371 1607 1421 locis:
1647 1372 1712 1419 IV
1760 1388 1871 1433 122,

359 1472 416 1518 53
469 1456 515 1502 V
574 1472 649 1516 14,
703 1472 759 1516 43
817 1471 897 1514 21,
957 1471 1010 1514 23
1068 1470 1147 1514 22,
1206 1471 1258 1514 23
1315 1469 1395 1516 50,
1441 1470 1497 1515 23
1545 1454 1651 1501 VIII
1701 1456 1781 1512 86,
1827 1470 1870 1501 2.

356 1538 545 1585 Contra
592 1537 688 1585 ind.
743 1553 846 1584 aor.
900 1535 1080 1600 legitur
1117 1535 1184 1582 IV
1227 1548 1306 1597 57,
1352 1552 1375 1582 2
1418 1539 1676 1596 ξυνεσελθεῖν
1715 1534 1794 1603 μὲν
1833 1536 1874 1595 ἐς

353 1621 398 1670 τὲ
448 1625 588 1688 τεῖχος
638 1617 736 1670 οὐκ
786 1618 1063 1676 ἠθέλησαν
1115 1617 1327 1685 δεομένων
1376 1627 1458 1667 τῶν
1506 1620 1750 1684 Αἰγινητῶν,
1791 1615 1874 1663 ubi

354 1702 537 1749 aoristo
595 1699 779 1764 aliquid
831 1710 1236 1746 momentaneum
1284 1698 1609 1762 significatur:
1672 1708 1870 1761 „peten-

354 1783 483 1830 tibus
553 1781 813 1846 Aeginetis
882 1789 1270 1844 negaverunt
1339 1796 1393 1827 se
1448 1777 1590 1827 simul
1649 1795 1760 1825 curn
1818 1778 1874 1826 iis

356 1863 554 1912 moenia
610 1861 935 1923 intraturos”3
993 1862 1041 1909 in
1097 1860 1211 1909 loco
1269 1860 1388 1907 VIII
1449 1862 1529 1921 83,
1587 1876 1610 1906 2
1666 1862 1723 1919 ὡς
1772 1856 1874 1910 οὐκ

355 1947 631 2003 ἠθέλησαν
683 1943 1062 2012 οἶνταναγαγόντες
1109 1951 1402 2011 ναυμαχῆσαι
1453 1958 1554 1989 aor.
1594 1940 1694 1988 vim
1734 1938 1874 2003 plqp-

356 2028 467 2075 fecti
527 2026 690 2074 Latini
747 2026 900 2073 habet
955 2025 1075 2088 („da
1133 2024 1203 2071 sie
1242 2052 1309 2058 —-
1349 2022 1482 2070 nicht
1539 2021 1642 2069 sich
1698 2021 1873 2069 hatten

358 2108 711 2157 entschliessen
751 2106 986 2155 konnen''
1031 2105 1142 2169 CL).

429 2191 509 2238 De
565 2189 704 2237 verbi
760 2185 1034 2239 δύνασθαι
1091 2186 1381 2250 imperfecto
1429 2196 1478 2233 et
1526 2183 1711 2233 aoristo
1764 2201 1875 2232 cum

357 2272 627 2336 negatione
667 2270 939 2335 conjunctis
976 2269 1075 2317 vid.
1116 2285 1264 2332 supra
1304 2269 1334 2330 ἓ
1380 2284 1397 2315 1
1444 2284 1490 2330 p.
1536 2281 1597 2328 53
1639 2284 1713 2329 sq.

430 2353 514 2400 Ad
572 2363 848 2399 extremum
907 2351 1002 2398 hoe
1053 2348 1360 2413 praeclarum
1412 2348 1555 2413 hujus
1603 2346 1876 2410 imperfecti

358 2452 475 2482 usus
513 2431 794 2496 exemplum
835 2431 1068 2479 afferam:
1110 2430 1227 2478 VIII
1272 2445 1350 2490 20,
1396 2447 1419 2477 2
1463 2430 1537 2480 καὶ
1568 2425 1878 2498 παραπλεύσας

359 2517 422 2566 ε’πὶ
464 2512 593 2583 Αἱρᾶς
633 2516 710 2564 καί
760 2514 1036 2582 προσβαλών,
1076 2514 1132 2572 ὡς
1171 2510 1269 2562 οὐκ
1308 2509 1594 2580 ἐλάμβανε
1631 2509 1708 2567 τὴν
1737 2510 1876 2570 πόλιν,

358 2596 614 2648 α’πέπλευσεν
654 2595 682 2643 i.
707 2612 749 2642 e.
799 2611 936 2655 „curn
978 2593 1204 2657 quamvis
1245 2593 1443 2640 annisus
1482 2592 1654 2639 urbem
1693 2607 1878 2654 expug-

362 2696 479 2726 nare
511 2695 610 2725 non
646 2675 880 2740 posset‘’;
911 2674 1066 2722 verba
1098 2677 1155 2734 ὡς
1186 2672 1264 2724 οὐκ
1285 2672 1507 2743 ε’λοῖμβοινε
1527 2689 1727 2737 prorsus
1749 2672 1877 2719 idem

355 2759 523 2808 valent
554 2758 689 2823 quod
720 2761 776 2818 ὡς
810 2754 889 2807 οὐκ
922 2753 1106 2806 ἐδύνατο
1137 2759 1244 2806 ἑλεῖν
1279 2755 1358 2819 (ef.
1394 2772 1437 2803 e.
1472 2772 1521 2819 g.
1559 2754 1623 2801 III
1663 2769 1773 2814 103,
1816 2753 1874 2815 1).
