2119 3342
911 211 973 255 29

192 340 445 406 quoddam
477 339 552 398 sit,
588 338 771 386 aoristo
806 335 1010 399 exprimi
1041 343 1400 397 exspectamus.
1436 332 1579 378 Nunc
1611 330 1701 377 viri

190 422 322 470 docti
377 420 459 468 illo
515 419 805 482 imperfecto
862 415 1125 480 significari
1173 413 1347 462 volunt
1394 413 1702 474 actionem

184 502 467 567 jubendi,
520 500 635 548 nisi
679 500 915 563 jussum
967 497 1094 555 fiat,
1136 512 1252 542 non
1291 511 1426 542 esse
1465 491 1703 541 absolu-

189 594 333 644 tam3
380 583 446 630 sic
486 582 543 629 F.
586 579 801 627 Blassius
838 579 886 625 in
926 576 1181 641 praeclara
1220 593 1309 623 sua
1348 575 1410 622 de
1450 573 1617 622 aoristi
1655 582 1705 620 et

190 663 460 728 imperfecti
497 679 587 710 usu
628 659 1046 708 commentatione
1066 658 1099 721 1)
1133 657 1276 704 dicit:
1325 685 1420 714 ,‚——
1454 671 1594 702 wenn
1627 653 1705 700 die

191 745 566 807 Aufforderung
615 742 706 789 auf
751 739 1184 802 Schwierigkeiten
1233 737 1312 785 bei
1356 737 1452 784 den
1495 735 1704 782 Andern

191 833 357 885 stosst,
409 825 488 872 die
533 824 665 871 dann
705 822 871 869 weiter
909 820 1151 868 berichtet
1188 819 1402 877 werden,
1444 817 1576 864 steht
1615 816 1704 863 das

193 907 564 971 Imperfektum,
622 904 822 951 indem
879 903 986 949 das
1037 898 1280 951 κελεύειν
1327 897 1706 947 unvollstan-

193 989 297 1052 dig
343 986 587 1035 bleibt''.
644 982 1001 1049 Hujuscemodi
1049 981 1390 1044 interpretatio
1437 978 1706 1042 imperfecti

194 1087 335 1118 usum
375 1086 473 1116 non
513 1067 631 1115 satis
669 1075 898 1114 accurate
930 1063 1176 1127 explicare
1209 1061 1325 1108 mihi
1359 1060 1575 1108 videtur:
1599 1059 1706 1122 ipsa

194 1152 323 1199 enim
346 1151 473 1199 actio
489 1148 696 1213 jubendi
717 1164 805 1211 per
825 1163 879 1194 se
900 1143 1129 1193 absoluta
1149 1153 1238 1202 est,
1262 1142 1366 1190 sive
1386 1142 1415 1189 ii
1436 1141 1519 1205 qui
1533 1141 1707 1205 juben-

195 1243 273 1281 tur
323 1240 500 1295 parent
550 1230 655 1277 sive
700 1245 799 1275 non
850 1236 1041 1289 parent.
1093 1225 1211 1272 Mea
1256 1234 1424 1271 autem
1462 1221 1707 1270 sententia

195 1313 484 1377 imperfecto
531 1310 671 1359 verbi
723 1306 903 1359 κελεύειν
954 1306 1111 1355 lector
1161 1315 1405 1365 monetur,
1451 1314 1504 1351 ut
1541 1303 1706 1351 animo

194 1403 536 1459 repraesentet
586 1409 698 1440 eum
751 1390 832 1453 qui
865 1389 1010 1453 jubet
1048 1397 1345 1450 occupatum
1385 1386 1431 1432 in
1464 1384 1705 1449 jubendo,

195 1484 662 1539 exspectantem
731 1471 920 1535 igitur
986 1469 1184 1516 fiatne
1244 1468 1480 1532 jussum
1539 1482 1707 1512 suum

196 1574 400 1605 necne.
438 1554 735 1618 Imperfecto
768 1552 916 1616 igitur
947 1561 1051 1598 tum
1082 1549 1218 1597 locus
1247 1559 1337 1608 est,
1367 1564 1477 1595 cum
1499 1546 1709 1609 scriptor

195 1637 474 1702 significare
513 1635 618 1684 vult
644 1635 784 1699 jusso
820 1650 917 1680 non
951 1632 1019 1679 sic
1051 1631 1451 1694 obtemperatum
1485 1644 1610 1687 esse,
1645 1627 1708 1674 de

188 1720 311 1785 jussi
349 1717 668 1768 exsecutione
699 1716 805 1762 sive
838 1712 1149 1777 neglectione
1184 1729 1214 1759 a
1245 1728 1299 1759 se
1332 1710 1493 1758 adhuc
1523 1709 1708 1756 dictum

196 1802 264 1851 iri.
319 1801 521 1860 Fateor,
575 1797 710 1862 quod
749 1796 813 1844 ad
852 1812 1020 1843 usum
1061 1794 1252 1853 attinet,
1294 1809 1457 1840 meam
1498 1789 1708 1854 explica-

194 1883 381 1931 tionem
432 1880 612 1929 eodem
661 1878 821 1926 redire
869 1894 970 1939 quo
1022 1874 1194 1923 Blassii
1243 1873 1579 1936 aliorumque3
1620 1887 1709 1934 per

196 1981 250 2012 se
300 1974 467 2011 autern
506 1961 684 2009 rectius
722 1976 777 2007 se
814 1958 1000 2005 habere
1039 1966 1176 2020 puto.
1221 1954 1521 2019 Hujusmodi
1560 1952 1708 2016 igitur

197 2045 501 2110 imperfecta,
536 2044 565 2090 i.
595 2059 636 2089 e.
669 2041 960 2104 imperfecta
998 2039 1265 2086 verborum
1299 2033 1539 2093 κελεύειν,
1573 2054 1709 2102 πρεσ-

196 2125 459 2196 βεύεσθαι,
501 2127 662 2175 αἰτεῖν
695 2123 851 2185 iisque
883 2120 1109 2168 similium
1132 2136 1261 2183 quae
1283 2116 1709 2181 exspectationem

191 2206 427 2272 jubentis,
449 2204 663 2268 legantis
696 2213 788 2251 ete.
813 2202 1094 2265 exprimunt
1115 2198 1544 2263 exspectativa
1565 2213 1708 2244 voco.

269 2287 497 2335 Alterum
545 2284 817 2348 imperfecti
867 2300 1040 2346 genus,
1094 2282 1140 2329 in
1182 2298 1281 2344 quo
1319 2280 1394 2328 vis
1432 2278 1710 2342 paratatica

198 2368 329 2416 clare
379 2366 555 2424 elucet,
608 2375 683 2413 est
720 2365 769 2412 id
809 2363 1151 2427 imperfectum
1191 2361 1328 2425 quod
1361 2361 1470 2407 dico
1511 2359 1709 2423 petiti-

199 2467 353 2498 vum.
387 2448 736 2512 Imperfectum
769 2444 885 2493 volo
918 2461 1090 2492 eorum
1123 2443 1391 2491 verborum
1414 2458 1543 2505 quae
1564 2441 1708 2505 signi-

199 2531 481 2579 ficationem
511 2529 752 2592 praebent
779 2526 963 2590 aliquid
993 2525 1259 2590 petendi,
1289 2523 1424 2572 velut
1443 2523 1710 2570 verborum

199 2613 425 2671 ἐπιέναι,
465 2609 796 2676 ἅντεπιέναι,
839 2610 1081 2659 ἐπιπλεῖν
1122 2607 1254 2670 (cum
1283 2604 1440 2653 classe
1470 2605 1711 2652 adversus

200 2695 394 2742 hostem
443 2692 701 2755 navigare)
751 2690 906 2752 iisque
956 2687 1199 2736 similium.
1241 2687 1344 2734 Sub
1383 2687 1513 2733 idem
1552 2702 1711 2749 genus

253 2875 287 2919 1)
311 2875 379 2907 Rh.
405 2874 455 2906 M.
480 2873 523 2905 N.
551 2872 590 2905 F.
616 2880 662 2914 44
686 2869 812 2914 (1889)
837 2881 871 2912 p.
897 2868 1098 2911 406—430.
