2134 3378
707 742 1231 806 PRAEFATIO.

296 969 439 1031 „Eine
488 966 852 1031 Schwierigkeit‚
901 966 976 1013 die
1016 964 1098 1012 mit
1135 963 1295 1011 keiner
1331 960 1537 1009 anderen
1575 957 1732 1006 weder

217 1068 278 1099 an
308 1049 547 1114 haufigem
579 1049 907 1096 Vorkommen
938 1046 1060 1094 noch
1093 1062 1153 1093 an
1184 1044 1352 1091 z’ahem
1380 1039 1736 1089 Widerstreben

217 1150 273 1180 zu
320 1130 620 1196 vergleichen
672 1130 742 1188 ist,
794 1129 940 1176 bietet
986 1128 1046 1174 im
1087 1124 1417 1173 Griechischen
1455 1122 1539 1169 der
1575 1120 1736 1167 Aorist

218 1213 262 1259 in
311 1213 487 1260 seinem
527 1209 793 1258 Verhaltnis
832 1227 935 1257 zum
972 1209 1170 1255 Prasens
1209 1205 1305 1253 und
1343 1198 1732 1266 Imperfektum.'’

219 1294 297 1341 Sic
327 1293 479 1356 incipit
510 1288 787 1354 BLAssms1)
821 1289 1183 1353 disputationem
1216 1287 1276 1334 de
1309 1285 1463 1333 aoristi
1495 1294 1542 1330 et
1569 1283 1735 1344 imper-

220 1375 324 1423 fecti
360 1374 488 1437 apud
529 1373 909 1420 Demosthenem
946 1388 1031 1417 usu
1068 1370 1425 1433 impugnaturus
1463 1365 1609 1411 virum
1648 1360 1735 1409 cla-

219 1456 448 1504 rissimum
471 1454 531 1502 O.
554 1455 805 1512 RIEMANN,
828 1452 904 1516 qui
922 1452 965 1498 in
985 1448 1380 1498 commentatione
1404 1446 1503 1506 „La
1524 1443 1737 1507 question

220 1538 281 1585 de
311 1536 516 1584 l'aoriste
547 1535 691 1600 grec’'
709 1536 741 1597 2)
775 1545 1042 1596 temporum
1064 1548 1147 1578 usu
1166 1530 1209 1577 in
1227 1528 1332 1577 loco
1354 1526 1565 1591 Gorgiae
1585 1523 1737 1571 Plato-

220 1619 303 1666 nici
351 1617 559 1682 quodam
603 1615 839 1679 disquisito
878 1612 1167 1662 concluserat
1204 1607 1447 1674 permultis
1483 1606 1593 1654 locis
1631 1602 1739 1651 nihil

219 1701 443 1747 interesse
491 1698 606 1745 inter
655 1697 876 1744 aoristum
916 1705 963 1742 et
999 1707 1226 1757 praesens
1263 1691 1360 1738 sive
1398 1686 1735 1751 imperfectum,

221 1781 331 1845 quin
368 1780 510 1828 etiam
546 1778 774 1826 interdum
813 1776 1009 1824 alterum
1047 1785 1236 1836 tempus
1268 1770 1430 1818 melius
1462 1769 1524 1816 ad
1555 1777 1737 1815 senten-

220 1863 333 1910 tiam
382 1861 522 1908 fuisse
571 1869 919 1907 conventurum.
974 1856 1170 1919 Optimo
1215 1855 1317 1918 jure
1354 1853 1582 1898 BLAssms
1619 1848 1738 1895 hanc

221 1942 564 1992 conclusionem
597 1941 772 2006 judicat
811 1936 1160 2000 „einleuchtend
1192 1932 1385 1982 falsch''.
1421 1932 1546 1979 Sane
1577 1928 1740 1993 negari

223 2042 316 2072 non
365 2033 538 2087 potest,
590 2038 738 2085 saepe
781 2019 1090 2067 difficillimum
1129 2033 1235 2064 esse
1273 2013 1470 2062 dilucide
1508 2010 1740 2074 explicare

224 2123 303 2154 cur
331 2105 525 2168 scriptor
544 2103 735 2166 quidam
753 2119 846 2149 uno
865 2099 970 2148 loco
990 2098 1328 2162 imperfectum,
1350 2094 1497 2142 altero
1518 2092 1740 2140 aoristum

223 2187 452 2252 posuerit3
504 2185 745 2232 discrimen
791 2183 988 2230 subesse
1025 2179 1102 2228 vel
1138 2179 1291 2242 potius
1328 2177 1525 2224 subesse
1563 2173 1741 2220 debere

224 2269 460 2327 sentimUS‚
495 2284 591 2330 qua
621 2283 736 2314 vero
767 2264 904 2312 animi
936 2262 1163 2310 mentisve
1195 2257 1501 2322 dispositione
1531 2254 1741 2302 inductus

225 2361 386 2399 auctor
449 2348 649 2396 alterurn
714 2357 867 2395 utrum
932 2356 1118 2407 tempus
1182 2339 1392 2405 elegerit,
1450 2354 1535 2385 nos
1590 2334 1741 2398 primo

226 2434 395 2481 obtutu
442 2446 676 2493 persaepe
725 2427 839 2475 latet
886 2442 1039 2489 neque
1088 2424 1134 2470 id
1176 2422 1258 2469 nisi
1294 2418 1595 2467 intentissima
1632 2432 1741 2462 cura

227 2513 493 2578 perspicere
539 2527 804 2574 possumus.
857 2506 1035 2572 Rigidis
1084 2502 1256 2569 regulis
1294 2513 1436 2564 atque
1474 2497 1740 2562 praeceptis

226 2596 298 2643 hic
327 2593 456 2641 locus
487 2609 579 2639 non
610 2602 695 2639 est.
733 2591 785 2637 Id
813 2589 940 2653 quod
966 2606 1010 2636 v.
1035 2605 1074 2634 c.
1099 2586 1470 2633 GILDERSLEEVE
1490 2582 1524 2643 ³)
1546 2578 1736 2642 pulchre

282 2765 315 2810 1)
341 2762 652 2797 Demosthenische
688 2761 831 2794 Studien
859 2761 923 2803 ΙΙΙ,
950 2759 1066 2791 Aorist
1093 2757 1164 2789 und
1191 2754 1398 2798 Imperfekt3
1426 2753 1492 2784 Rh.
1519 2753 1607 2783 Mus.
1635 2751 1678 2782 N.
1707 2751 1745 2782 F.

232 2833 278 2865 44
302 2822 429 2866 (1889)
455 2833 489 2864 p-
515 2820 715 2861 406—430-

281 2880 318 2920 2)
344 2879 524 2921 Melanges
552 2878 666 2909 Graux
694 2887 727 2918 p.
756 2874 953 2917 585—599.

282 2936 318 2981 3)
343 2937 523 2969 Problems
548 2936 584 2967 in
609 2934 723 2967 Greek
749 2934 890 2975 Syntax,
917 2933 994 2963 Am.
1014 2931 1136 2972 Journ.
1158 2928 1197 2960 of
1216 2927 1303 2959 Phil.
1325 2925 1444 2957 XXIII
1467 2923 1593 2967 (1902)
1617 2933 1651 2965 p.
1667 2928 1746 2963 252.

1623 2999 1636 3022 1
