2119 3342
1070 194 1164 239 104

357 327 480 374 λοντο
526 325 563 373 οἱ
612 321 814 390 παρόντες
858 330 940 371 τῶν
980 322 1370 387 Λακεδαιμονίωνς
1408 319 1577 367 tertius
1614 318 1752 367 locus
1792 327 1867 367 est

356 404 477 451 VIII
520 408 600 464 69,
646 419 669 449 2
711 401 810 462 τοὺς
850 401 928 469 μὲν
967 402 1029 469 μὴ
1071 400 1319 462 ξυνειδότας
1359 407 1547 451 εἴασαν
1581 430 1649 435 --
1679 400 1875 451 οἷπελθεῖν

366 486 529 547 „abire
567 484 699 549 passi
741 484 906 541 sunt'’,
949 483 1031 531 ubi
1070 483 1186 531 item
1223 482 1406 530 aoristo
1440 481 1623 545 aliquid
1654 497 1876 529 momen-

357 578 559 615 taneum
598 565 938 630 significatur.)

429 650 593 697 Etiam
645 648 904 696 locutionis
956 646 1180 714 γνώμην
1219 649 1494 697 ποιεῖσθαι
1533 644 1875 708 imperfectum

358 732 493 795 quod
544 730 723 794 legitur
774 729 868 776 VII
924 741 1002 790 72,
1057 744 1081 789 3
1134 727 1428 795 (Δημοσθένης
1466 730 1600 793 Νικίᾳ
1638 723 1875 794 προσελθὼν

357 811 583 880 γνώμην
624 813 857 862 ἐποιεῖτο
887 839 955 844 —-
984 808 1222 877 βιάσασθαι
1254 809 1325 858 τὸν
1358 806 1560 871 ἔκπλουν)
1593 807 1642 855 vi
1674 823 1877 870 exspec-

355 895 513 943 tativa
551 892 835 957 praeditum
877 901 974 939 est:
1023 889 1347 952 „suadebat'',
1395 899 1597 947 „auctor
1629 888 1672 936 ei
1705 887 1876 949 erat''3

357 976 458 1024 fere
508 975 639 1022 idem
685 972 819 1020 valet
870 972 1004 1035 quod
1043 973 1231 1032 ἐκέλευες
1272 971 1347 1018 cui
1388 971 1643 1018 monitioni
1683 970 1876 1017 Niciam

357 1055 782 1119 obtemperavisse
822 1064 1032 1117 apparet
1071 1070 1132 1100 ex
1172 1053 1227 1099 iis
1258 1070 1388 1116 quae
1420 1062 1695 1115 sequuntur
1727 1053 1775 1114 (ξ
1799 1053 1872 1114 4):

357 1143 430 1189 καὶ
482 1143 812 1206 ξυγχωροῦντος
853 1139 1004 1186 Νικίου
1044 1144 1096 1189 τῆ
1134 1133 1291 1203 γνώμη
1332 1139 1426 1184 κτλ.
1469 1133 1670 1197 (Differt
1707 1143 1874 1180 autem

357 1218 718 1284 significatione
757 1217 892 1281 impf.
937 1217 1071 1280 quod
1111 1215 1320 1263 occurrit
1359 1216 1424 1262 III
1469 1219 1549 1276 36,
1595 1231 1617 1262 2
1660 1219 1747 1283 περὶ
1784 1224 1871 1266 τῶν

356 1302 529 1369 ἅνὸρῶν
568 1299 793 1368 γνώμας
833 1300 1114 1349 ἐποιοῦντο
1154 1298 1181 1345 i.
1206 1315 1247 1345 e.
1290 1296 1633 1344 deliberabant
1665 1294 1734 1363 [=
1756 1297 1875 1364 ἐβου-

357 1380 571 1448 )»εύοντο];
621 1380 764 1428 aliter
815 1379 964 1428 etiam
1017 1378 1356 1442 accipiendum
1415 1388 1490 1425 est
1545 1376 1680 1441 impf.
1741 1376 1876 1440 quod

357 1464 597 1528 reperitur
645 1463 689 1509 II
735 1478 778 1521 2,
821 1478 851 1522 4
902 1461 1125 1529 γνώμην
1182 1460 1228 1510 δὲ
1286 1461 1566 1510 ἐποιοῦντο
1623 1455 1875 1527 κηρύγμασι

357 1548 605 1615 χρήσασθαι
662 1545 907 1602 ἐπιτηδείοις
963 1542 991 1590 i.
1027 1559 1069 1589 e.
1130 1540 1414 1599 „consilium
1466 1540 1676 1588 inierunt
1725 1538 1872 1600 etc.'’‚

358 1643 458 1690 quo
490 1624 779 1689 imperfecto
813 1623 962 1671 etiam
996 1622 1378 1670 deliberationes
1412 1639 1542 1685 quae
1566 1622 1737 1669 initum
1760 1637 1874 1668 con—

358 1708 514 1755 silium
565 1716 941 1770 praecesserunt
991 1704 1254 1768 significari
1301 1704 1550 1764 videntum
1601 1702 1875 1767 perfectum

358 1807 467 1838 esse
517 1788 633 1836 illud
684 1788 991 1851 propositum
1043 1787 1099 1834 iis
1150 1803 1280 1849 quae
1331 1795 1604 1849 sequuntur
1644 1785 1873 1832 refertur:

358 1873 432 1921 καὶ
472 1870 635 1921 αἷνεῖπεν
676 1875 698 1919 ὁ
736 1873 877 1937 κῆρυξ
916 1870 1032 1932 κτλ.)

430 1951 670 2017 Ejusdem
717 1951 914 2015 generis
964 1959 1039 1998 est
1090 1949 1365 2013 imperfecti
1410 1966 1525 1996 usus
1564 1948 1611 1995 in
1650 1965 1709 1996 ea
1749 1947 1877 1995 locu-

357 2034 492 2081 tione
532 2050 662 2096 quae
701 2042 776 2080 est
814 2032 952 2082 ἰέναι
992 2033 1041 2092 ἐς
1079 2031 1304 2099 λόγους,
1358 2030 1493 2094 quod
1533 2029 1876 2092 imperfectum

356 2114 536 2179 legitur
588 2114 657 2161 III
707 2116 787 2173 80,
848 2128 866 2159 Ι
923 2118 945 2162 0‘
992 2114 1135 2180 δῆμος
1172 2122 1254 2162 τῶν
1296 2115 1567 2179 Κερκυραίων
1607 2140 1676 2145 -
1714 2117 1798 2170 τοῖς
1836 2131 1878 2160 τε

357 2198 517 2256 ἱκέταις
555 2191 698 2263 ἦσαν
737 2197 786 2254 ἐς
825 2194 1025 2262 λόγους
1065 2198 1139 2244 καὶ
1178 2200 1264 2253 τοῖς
1304 2190 1454 2252 ἄλλοις
1492 2192 1603 2253 ὅπως
1642 2193 1877 2247 σωθήσεται

359 2282 386 2333 ἡ
435 2278 555 2337 πόλις
611 2277 1038 2335 „adhortabantur
1088 2285 1141 2322 ut
1193 2283 1422 2322 curarent
1473 2283 1526 2320 ut
1564 2290 1642 2321 res
1681 2271 1877 2336 publica

358 2359 697 2418 servaretur''3
757 2358 914 2406 verba
970 2353 1081 2424 ἦσαν
1141 2358 1181 2416 ἐς
1240 2357 1395 2423 λόγους
1446 2354 1549 2402 fere
1599 2354 1879 2417 significant

359 2441 550 2491 ἐκέλευον
590 2440 859 2507 ἐπιμέλεσθαι
898 2439 1009 2498 ὅπως
1050 2447 1141 2485 etc.
1184 2438 1285 2499 (De
1318 2437 1423 2500 ejus
1456 2435 1717 2483 locutionis
1747 2452 1878 2498 quae

360 2532 436 2570 est
475 2521 699 2585 (ξυν)ἰέναι
733 2520 772 2580 ἐς
807 2520 962 2587 λόγους
996 2518 1293 2582 imperfectis
1326 2517 1563 2565 iterativis
1595 2517 1694 2565 vid.
1729 2532 1880 2580 supra

361 2605 390 2666 ἓ
434 2620 456 2650 2
500 2621 546 2666 p.
591 2606 653 2664 63
696 2603 791 2665 sq.)

433 2685 560 2732 Cum
611 2684 748 2731 verbi
799 2680 981 2733 κελεύειν
1033 2682 1183 2745 stirpe
1222 2681 1425 2745 cognati
1464 2679 1602 2727 verbi
1640 2699 1879 2747 παρακε-

361 2764 613 2818 λεύεσθαι
653 2764 996 2828 imperfectum
1031 2773 1080 2810 et
1115 2763 1324 2810 aoristus
1357 2761 1490 2825 apud
1523 2769 1746 2808 nostrum
1777 2775 1876 2806 non

361 2847 450 2896 nisi
483 2864 593 2896 raro
625 2857 912 2907 occurrunt3
948 2845 1290 2909 imperfectum
1325 2843 1480 2891 tribus
1508 2840 1628 2889 locis
1651 2839 1876 2900 occurrit,
