2119 3342
1038 200 1106 245 44

384 330 538 379 Verbi
602 331 950 380 ἐπίστασθαι
1027 335 1469 390 „perspectum
1525 320 1822 379 habere’',

323 412 566 475 „scire’'‚
600 410 949 460 tantummodo
982 409 1172 456 formae
1200 407 1557 471 praesenficae,
1579 406 1627 452 in
1649 404 1825 468 quibus

314 494 549 543 nonnulla
588 492 890 557 imperfecta,
931 491 1260 538 inveniuntur.

386 577 541 624 Verbi
590 578 866 643 ἡγεῖσθαι
907 570 1394 636 („existimare”)
1434 568 1599 633 plures
1635 568 1827 615 formae

315 658 668 723 praesenticae‚
727 657 773 703 in
833 655 1009 719 quibus
1067 653 1255 717 aliquot
1312 651 1616 715 imperfecta,
1676 666 1828 712 quam

318 740 592 798 aoristicae,
627 755 836 802 quarum
857 735 1136 800 complures
1157 735 1257 782 vim
1278 733 1605 797 ingressivam
1625 731 1825 790 habent,

318 820 692 883 inveniunturfl)
716 817 1232 867 Animadvertendum
1253 826 1329 863 est
1349 814 1489 863 verbi
1509 811 1828 882 λαμβάνειν

320 919 536 966 quoque,
595 911 840 965 quatenus
895 899 998 946 fere
1055 898 1186 945 idem
1242 895 1378 944 valet
1429 895 1565 959 quod
1615 897 1828 962 ἡγεῖσθαι,

318 984 472 1031 tribus
522 982 640 1030 loeis
690 980 1046 1044 imperfectum,
1082 994 1328 1041 nusquam
1367 977 1465 1025 ind.
1506 992 1627 1032 aor.‚
1668 991 1832 1022 occur-

319 1083 454 1126 rere3
496 1065 578 1128 qui
615 1063 708 1111 loci
747 1073 861 1110 sunt
898 1062 973 1109 hi:
1015 1060 1085 1107 VI
1131 1075 1210 1122 27,
1256 1076 1280 1121 3
1320 1059 1366 1109 τὸ
1406 1065 1592 1127 πρᾶγμα
1627 1056 1834 1125 μειζόνως

321 1146 661 1216 ἐλάμβανον
721 1144 950 1208 „majoris
1000 1141 1240 1190 momenti
1291 1138 1707 1199 existimabant'';
1751 1154 1832 1199 53,

327 1247 351 1291 3
384 1228 525 1280 redimo:
544 1227 738 1287 ὑπόπτως
759 1224 1033 1294 ἐλάμβανε
1068 1223 1262 1285 „omnia
1276 1221 1545 1285 suspiciosa
1561 1219 1834 1280 habebat'’3

326 1315 407 1368 61,
468 1328 483 1358 1
540 1314 627 1378 περὶ
672 1307 719 1360 δὲ
755 1314 830 1358 τσῦ
870 1303 1152 1375 Ἀλκιβιάδου
1192 1334 1260 1340 —-
1301 1308 1503 1373 χαλεπῶς
1541 1305 1579 1353 οἱ
1619 1301 1836 1360 Ἀθηναῖοι

324 1391 640 1461 ἐλάμβανον
689 1389 919 1453 „gravius
957 1405 1061 1435 rem
1100 1403 1267 1434 secum
1307 1382 1657 1449 reputabant''.

397 1473 549 1521 Verbi
615 1475 896 1540 νομίζειν,
970 1467 1282 1532 „putare'',
1358 1463 1678 1527 „habere'',
1736 1463 1838 1511 fere

325 1555 468 1620 triplo
501 1554 698 1618 saepius
730 1552 865 1616 impf.
901 1568 1051 1615 quam
1085 1550 1183 1598 ind.
1219 1566 1321 1597 aor.
1358 1547 1579 1596 occurrit.
1609 1545 1840 1594 Aoristus

326 1637 619 1702 plerumque
669 1645 744 1683 est
790 1632 1109 1690 constativus,
1164 1631 1300 1695 cujus
1349 1627 1635 1692 exemplum
1685 1627 1840 1675 affero

329 1721 397 1768 III
453 1735 530 1781 33,
588 1734 613 1779 3
663 1718 812 1785 κέρδος
860 1715 906 1766 δὲ
957 1714 1208 1782 ἐνόμισεν
1249 1716 1370 1763 κτλ.;
1412 1711 1486 1758 his
1524 1710 1690 1758 verbis
1729 1725 1842 1756 con-

328 1803 508 1850 tinetur
531 1797 885 1862 contemplatio
907 1796 1150 1855 PachetiS,
1173 1793 1485 1858 imperatoris
1505 1791 1840 1850 Atheniensis,

329 1884 391 1932 de
435 1900 487 1930 re
519 1883 625 1946 jam
664 1879 946 1944 praeterita.
992 1877 1292 1925 Narratione
1331 1875 1394 1922 de
1433 1873 1651 1922 Pachete
1691 1873 1842 1920 Laee-

329 1964 705 2014 daemoniorum
745 1978 899 2009 naves
939 1958 1255 2024 persequenti
1295 1966 1496 2021 peracta
1530 1955 1846 2019 Thucydides

328 2048 484 2096 verbo
516 2044 865 2094 tantummodo
899 2042 1068 2090 addito
1090 2042 1152 2089 de
1174 2039 1402 2088 Pachetis
1423 2036 1843 2102 contemplatione

333 2129 538 2197 (ἐνόμισεν
578 2128 693 2190 κτλ.)
725 2124 899 2173 transit
931 2124 995 2171 ad
1029 2121 1308 2171 enarranda
1341 2137 1471 2184 quae
1504 2129 1673 2168 secuta
1704 2127 1844 2178 sunt3

332 2209 448 2259 nihil
505 2226 627 2272 ergo
685 2207 926 2256 attinebat
983 2222 1095 2253 earn
1152 2201 1625 2266 contemplationem
1677 2198 1847 2247 lectori

334 2299 710 2355 repraesentare
755 2287 1060 2350 imperfecto,
1103 2285 1285 2333 aoristo
1326 2284 1524 2346 (const.)
1565 2297 1844 2329 memorare

338 2373 456 2421 satis
496 2382 615 2419 erat.
652 2399 719 2405 —-
754 2369 1061 2433 Ingressivus
1101 2367 1176 2414 dic
1215 2366 1413 2430 ipoterit
1450 2365 1488 2412 is
1522 2364 1733 2412 aoristus
1767 2362 1849 2426 qui

336 2454 516 2517 legitur
549 2452 620 2500 IV
660 2453 770 2508 128,
809 2466 832 2512 5
870 2450 954 2500 α’πὲ
985 2447 1132 2500 τούτου
1165 2458 1325 2516 πρῶτον
1360 2449 1606 2516 Περδίκκας
1627 2447 1845 2513 Βρασίδαν

335 2536 537 2601 πολέμιον
589 2532 805 2600 ἐνόμισε
859 2548 948 2592 „ex
986 2547 1047 2578 eo
1087 2541 1313 2593 tempore
1354 2528 1612 2575 Brasidam
1651 2527 1847 2574 hostem

339 2616 563 2664 habere
601 2611 851 2676 coepit''
895 2612 972 2674 (cf.
1015 2628 1128 2659 ann.
1171 2610 1242 2658 St.
1282 2610 1398 2671 „der
1430 2609 1601 2658 Aorist
1632 2607 1849 2656 bezeich-

342 2708 426 2745 net
463 2696 560 2744 den
602 2692 1010 2757 Umschwung’').

393 2830 425 2873 1)
451 2830 547 2861 ldem
585 2828 677 2860 valet
711 2827 753 2859 de
785 2826 892 2858 verbo
925 2822 1076 2865 ἡγεῖσθαι
1110 2829 1279 2866 quatenus
1313 2823 1484 2865 significat
1520 2822 1695 2864 „ducem
1728 2819 1850 2852 esse‘’

342 2887 402 2931 (cf.
430 2897 534 2929 supra
555 2897 589 2928 p.
617 2885 696 2929 35)3
722 2885 764 2917 de
787 2884 859 2926 ejus
884 2883 979 2916 verbi
1001 2888 1146 2925 utroque
1162 2893 1264 2915 sensu
1278 2880 1424 2914 adhibiti
1438 2878 1601 2922 aoristis§
1619 2888 1660 2912 10
1674 2878 1841 2922 pluribus.
