2119 3342
1066 178 1093 224 8

316 323 410 372 duo
455 321 742 371 similitudine
789 320 1027 369 nominum
1077 319 1194 366 inter
1239 334 1291 364 se
1338 315 1677 363 confundantur
1711 329 1834 361 neve

317 405 359 452 in
406 416 618 453 veterem
657 420 863 451 errorem
900 401 1176 458 recidamus,
1216 415 1336 446 nunc
1372 397 1452 444 viri
1490 396 1614 444 docti
1650 412 1737 458 pro
1776 410 1835 442 eo

320 487 449 549 quod
495 497 567 533 est
625 483 854 545 „Zeitart”
895 481 1040 547 vulgo
1078 481 1301 528 adhibent
1337 495 1506 526 vocem
1554 477 1695 538 „Art
1731 476 1836 522 der

319 566 690 631 Handlung'',
721 561 1156 626 „Aktionsart”,
1188 558 1650 622 „Aktion'’,quam
1670 556 1837 604 Latine

317 648 608 712 interpretari
654 663 904 710 possumus
951 660 1177 709 „genus
1215 639 1535 689 actionis'’.
1575 640 1688 686 Post
1725 638 1835 684 Cur-

319 730 433 777 tium
488 728 560 777 alii
616 744 809 792 quoque
864 726 945 773 viri
1000 724 1124 772 docti
1172 722 1296 770 illam
1348 721 1690 785 quaestionem,
1743 735 1839 781 qua

320 811 499 859 ratione
530 810 666 857 variis
697 808 828 856 verbi
861 806 1032 854 Graeci
1066 804 1223 852 formis
1243 814 1461 866 tempora
1481 799 1837 865 („Zeitstufen'‘)

322 903 370 939 et
407 891 597 939 actionis
635 906 816 955 genera
856 884 1298 951 („Aktionsarten'')
1339 883 1668 946 exprimantur,
1703 880 1840 927 fusius

321 983 589 1030 tractarunt,
646 970 799 1018 velut:
858 970 910 1017 Β.
969 968 1235 1015 DELBRUCK
1289 964 1555 1029 Vergleich.
1608 963 1739 1026 Synt.
1791 961 1835 1008 d.

321 1054 479 1118 indog.
521 1053 627 1116 Spr.
667 1053 711 1099 in
748 1051 900 1114 capite
938 1049 1146 1106 laudato,
1190 1058 1238 1095 et
1274 1047 1317 1093 in
1348 1045 1503 1093 libello
1537 1045 1627 1091 Die
1660 1042 1841 1091 Grund-

322 1135 466 1200 lagen
497 1135 580 1182 der
598 1132 919 1199 griechischen
938 1131 1120 1194 Syntax
1141 1127 1487 1192 (Syntaktische
1506 1125 1843 1189 Forschungen

324 1217 425 1280 IV),
466 1214 605 1262 Halle
651 1216 809 1275 18793
851 1212 911 1259 G.
953 1211 1146 1258 HERBIG
1184 1209 1463 1256 Aktionsart
1499 1207 1594 1254 und
1624 1204 1844 1253 Zeitstufe

327 1299 377 1361 (Ι.
418 1298 472 1344 F.
513 1297 592 1354 VI,
642 1297 788 1354 1896,
828 1312 873 1356 p.
926 1292 1248 1354 157—269)3
1282 1290 1343 1337 K.
1378 1289 1656 1336 BRUGMANN
1686 1286 1844 1333 Kurze

326 1377 474 1443 vergl.
529 1377 742 1424 Gramm.
797 1375 839 1422 d.
893 1374 1054 1438 indog.
1097 1373 1202 1436 Spr.
1246 1371 1545 1434 (Strassburg
1591 1370 1758 1431 1904),
1797 1377 1846 1414 et

329 1458 629 1507 Griechische
686 1456 987 1504 Grammatik
1044 1454 1135 1518 (ed.
1194 1463 1297 1501 tert.
1358 1451 1597 1499 Mijnchen
1662 1449 1841 1511 1900);

330 1541 385 1588 C.
434 1540 733 1587 MUTZBAUER
771 1538 862 1584 Die
902 1535 1210 1598 Grundlagen
1248 1535 1331 1581 der
1368 1530 1715 1596 Tempusiehre
1751 1529 1846 1577 und

329 1623 413 1670 der
461 1622 639 1668 homer.
695 1617 1154 1682 Tempusgebrauch
1206 1615 1505 1679 (Strassburg
1561 1614 1654 1672 189
1663 1614 1740 1675 3)3
1781 1611 1843 1658 H.

329 1704 563 1750 MELTZER
601 1701 691 1748 Zur
727 1700 883 1747 Lehre
903 1715 997 1746 von
1029 1698 1122 1745 den
1153 1697 1394 1744 Aktionen
1427 1696 1528 1742 bes.
1559 1694 1622 1740 im
1645 1691 1846 1740 Griechi-

330 1784 473 1832 schen
513 1783 561 1846 (Ι.
602 1782 656 1830 F.
698 1781 853 1839 XVII,
903 1795 1050 1839 1904,
1090 1797 1135 1842 p.
1186 1777 1494 1840 186—278).
1519 1776 1553 1838 1)

402 1865 537 1912 Nunc
576 1881 721 1927 quam
758 1861 1031 1909 brevissime
1067 1870 1237 1923 potero
1275 1859 1501 1905 disseram
1540 1857 1601 1903 de
1638 1855 1690 1903 iis
1727 1871 1850 1918 quae

335 1965 364 1995 a
401 1946 506 1994 viris
545 1945 694 1992 doctis
731 1944 774 1991 in
804 1943 893 1990 hac
925 1942 1121 1989 materia
1150 1950 1338 2004 reperta
1371 1949 1490 1998 sunt,
1525 1955 1652 2001 quae
1676 1936 1747 1983 hic
1766 1934 1850 1982 illic

334 2028 451 2075 meis
488 2027 687 2090 propriis
724 2024 1131 2073 observationibus
1167 2020 1417 2085 supplebo.

337 2294 444 2326 Sinne
478 2291 602 2323 withlte
637 2290 693 2321 ich
727 2289 795 2321 den
831 2288 1014 2320 Ausdruck
1049 2287 1236 2329 Zeitart,
1269 2285 1384 2317 indem
1419 2284 1479 2315 wir
1509 2283 1544 2324 ja
1578 2283 1637 2314 das
1664 2282 1762 2313 Wort
1790 2282 1854 2312 Art

337 2351 433 2383 recht
467 2348 654 2390 eigentlich
688 2348 732 2378 da
758 2346 977 2388 verwendem
1005 2356 1057 2376 wo
1084 2344 1144 2375 wir
1170 2343 1384 2385 specifische⁷
1411 2342 1531 2373 innere
1557 2338 1855 2382 Eigenthiimlich-

337 2409 456 2440 keiten
480 2407 664 2438 benennen
692 2404 819 2436 wollen
845 2403 934 2435 etc'⁷.

393 2465 427 2508 1)
455 2464 578 2496 Obiter
601 2472 741 2494 monere
765 2462 869 2493 velim
890 2461 926 2492 in
948 2460 1078 2501 linguis
1093 2458 1264 2491 Semiticis
1279 2468 1419 2500 quoque
1434 2457 1531 2489 verbi
1547 2461 1703 2497 tempora
1716 2455 1856 2497 proprie

340 2524 472 2555 diversa
518 2531 641 2563 genera
687 2520 834 2551 actionis
873 2518 1086 2561 significan-eg
1124 2517 1167 2548 cf.
1208 2515 1602 2548 GESENIUs-KAUTZSCH
1641 2512 1855 2544 Hebraische

341 2579 553 2612 Grammatik
589 2578 659 2621 (ed.
698 2578 801 2609 vices.
841 2577 952 2618 quint.
992 2574 1097 2617 1889)
1131 2585 1165 2616 p.
1204 2583 1269 2614 124
1303 2584 1383 2604 ann.
1421 2582 1457 2604 2:
1497 2573 1609 2613 „Dem
1635 2569 1856 2602 semitischen

339 2635 632 2679 Tempusbegriss,
669 2635 729 2666 der
767 2635 826 2665 das
866 2633 1072 2665 Geschehen
1111 2642 1175 2663 nur
1212 2637 1312 2663 unter
1351 2631 1428 2662 dem
1468 2627 1764 2670 Gesichtspunkte
1797 2627 1857 2658 der

341 2694 564 2726 vollendeten
611 2692 694 2724 oder
729 2691 1003 2723 unvollendeten
1042 2690 1234 2730 Handlung
1274 2688 1449 2730 ansehaut,
1488 2688 1531 2718 ist
1569 2686 1629 2717 das
1665 2685 1857 2726 indogerm.

342 2751 530 2784 Fachwerk
567 2751 677 2782 dreier
715 2749 938 2790 Zeitsph'aren
977 2746 1287 2790 (Vergangenheit,
1327 2746 1544 2788 Gegenwart,
1583 2741 1751 2785 Zukunft)
1787 2752 1857 2773 von

343 2808 438 2842 Haus
464 2819 523 2840 aus
548 2806 692 2839 f1·emd.''
721 2806 792 2837 Alii
813 2805 907 2847 apud
927 2805 1013 2836 alios
1036 2809 1192 2836 auctores
1213 2804 1280 2835 loci
1301 2803 1367 2834 hue
1391 2802 1603 2845 pertinentes
1625 2799 1755 2832 laudati
1777 2803 1858 2831 sunt

344 2866 436 2909 apud
462 2865 668 2908 Herbigium
694 2864 755 2897 l.l.
783 2874 817 2906 p.
848 2862 909 2895 161
940 2873 1019 2894 ann.
1048 2868 1078 2904 5.
1326 2855 1331 2861 ’
