2119 3342
1100 193 1162 252 36

355 338 578 397 occurrit,
609 353 710 400 quo
743 335 1031 398 designetur
1065 329 1251 394 aliquid
1286 328 1421 393 quod
1442 325 1583 374 simul
1605 341 1716 373 cum
1740 323 1876 371 facto

355 419 586 485 primario
619 418 819 483 geritur,
851 414 990 464 velut
1020 414 1088 461 III
1128 427 1207 472 20,
1253 428 1270 458 1
1310 408 1366 460 ἔτι
1389 405 1477 478 γὰρ
1499 410 1882 475 ἐπολιορκοῦν-

356 525 441 563 τσς
488 516 567 563 50,
628 517 644 547 1
698 493 725 555 ἦ
738 518 843 550 σαν
891 495 938 547 δὲ
976 497 1105 563 ὀλίγῳ
1144 496 1312 552 πλείους
1351 494 1503 559 χιλίων
1545 490 1736 553 (contra
1777 502 1878 534 aor.

360 586 379 634 ε’
391 606 449 651 γε
433 604 616 634 νοντο
656 596 862 629 numero
901 577 1099 642 adjecto
1120 574 1305 622 indicat
1325 573 1455 619 hunc
1476 586 1735 618 numerum
1757 584 1883 615 sum-

362 682 494 713 mam
527 663 724 712 efficere
744 675 1062 709 numerorum
1084 657 1345 712 minorum,
1369 654 1507 718 eujus
1527 651 1695 700 aoristi
1716 665 1879 698 exem-

362 746 444 812 pla
483 746 750 794 afferentur
782 742 906 790 infra
938 742 969 804 ἓ
1008 757 1024 787 1
1044 741 1114 804 1)3
1155 738 1226 785 VI
1256 752 1368 795 101,
1395 750 1419 797 5
1445 754 1583 790 νσαν
1603 730 1689 802 γὰρ
1708 735 1782 782 καὶ
1802 749 1886 781 των

365 828 518 880 ἱππέων
570 824 713 886 αυτοῖς
762 827 800 875 οἱ
850 824 1000 875 πολλοὶ
1050 823 1264 882 ἐνταῦθας
1315 817 1408 864 VII
1455 832 1535 877 31,
1579 830 1603 877 5
1646 819 1889 882 ξυνῆρχε

366 907 453 979 ’γὰρ
490 908 577 967 ν’ὃη
617 906 888 975 Δημοσθεᾞνει

403 989 683 1054 (Aoristo
717 998 885 1036 autem
924 986 971 1033 in
1005 982 1290 1048 parenthesi
1324 981 1485 1046 posito
1507 976 1832 1044 plerumque
1820 993 1887 1023 m-

370 1073 596 1120 dicantur
663 1070 796 1118 facta
854 1084 984 1131 quae
1042 1066 1172 1114 facta
1225 1064 1457 1129 primaria
1515 1067 1890 1126 praecesserunt

370 1153 507 1203 velut
554 1152 601 1199 V
654 1154 737 1212 48,
794 1167 817 1198 2
866 1148 913 1201 οὐ
953 1151 1283 1216 ξυνώμοσαν
1331 1145 1424 1205 „ad
1463 1144 1754 1192 societatem
1792 1155 1892 1188 non

373 1232 802 1296 accesseranff.)

448 1317 591 1364 Nunc
640 1325 841 1363 transeo
893 1312 957 1360 ad
1007 1328 1066 1360 ea
1107 1311 1263 1358 verba
1313 1319 1363 1357 et
1404 1308 1669 1357 verborum
1708 1320 1896 1368 genera

378 1415 588 1463 quorum
627 1395 990 1461 significatione
1028 1393 1257 1441 durativa
1290 1391 1359 1452 fit,
1393 1400 1446 1438 ut
1478 1389 1668 1454 majore
1688 1402 1894 1434 numero

377 1478 716 1544 praesenticae
738 1493 887 1540 quam
903 1475 1162 1523 aoristicae
1177 1490 1349 1522 eorum
1366 1472 1555 1520 formae
1568 1469 1896 1525 inveniantur,

377 1562 481 1609 sive
520 1560 778 1608 aoristicae
817 1558 1006 1605 formae
1046 1556 1247 1604 omnino
1291 1571 1390 1602 non
1430 1561 1704 1601 occurrant.
1738 1550 1791 1597 In
1824 1548 1898 1595 his

378 1643 543 1691 verbis
593 1639 863 1689 tractandis
915 1639 1078 1686 facere
1129 1654 1229 1684 non
1280 1652 1484 1700 possum
1536 1633 1653 1696 quin
1699 1648 1796 1679 una
1835 1630 1898 1677 de

379 1724 618 1772 aoristiCis
666 1739 836 1770 eorum
884 1720 1067 1777 formis,
1122 1735 1251 1783 quae
1303 1716 1436 1781 apud
1475 1726 1698 1763 nostrum
1737 1728 1900 1760 occur-

384 1815 511 1865 runt,
552 1821 720 1868 agam.

458 1887 572 1934 Huc
621 1885 868 1949 pertinent
918 1882 1154 1947 imprimis
1195 1897 1255 1928 ea
1292 1879 1449 1928 verba
1488 1877 1708 1943 quibus
1747 1875 1902 1940 ipsis

379 1970 502 2034 jam
553 1966 803 2030 propria
854 1964 1155 2028 quaedam
1206 1972 1299 2010 est
1338 1961 1509 2008 notio
1548 1973 1904 2023 permanen-

387 2051 470 2098 di:
512 2047 837 2117 ἡσυχάζειν,
876 2047 1077 2114 μένειν,
1117 2048 1307 2103 οἰκεῖν,
1346 2048 1553 2112 ὁρμεῖν.

459 2130 612 2178 Verbi
651 2127 960 2197 ἡσυχάζειν
1000 2125 1278 2191 permultae
1317 2125 1508 2171 formae
1546 2121 1902 2186 praesenticae,

389 2214 435 2262 in
481 2213 658 2276 quibus
695 2210 849 2258 multa
892 2209 1197 2273 imperfecta,
1229 2216 1489 2255 occurrunt
1522 2222 1633 2252 cum
1667 2203 1905 2267 signifiea-

391 2296 525 2344 tione
585 2293 884 2356 „quietum
929 2308 992 2338 se
1036 2289 1302 2338 tenere'’.
1353 2287 1703 2351 Imperfectum
1754 2300 1905 2346 saepe

392 2376 726 2423 incohativum
758 2384 848 2433 est,
884 2371 1021 2420 velut
1054 2371 1122 2419 IV
1162 2388 1273 2432 124,
1300 2387 1324 2432 3
1349 2372 1388 2420 οἱ
1409 2369 1455 2420 δὲ
1476 2372 1611 2419 λοιποὶ
1632 2366 1910 2435 διαφυγόντες

393 2458 494 2526 πρὸς
549 2453 601 2506 τὰ
651 2455 841 2523 μετέωρα
895 2452 1188 2522 ἡσύχαζον
1248 2453 1275 2500 i.
1313 2469 1354 2500 e.
1415 2450 1804 2513 conquieverunt
1861 2457 1911 2495 et

396 2537 695 2602 aliquamdiu
736 2537 782 2583 in
824 2536 991 2599 quiete
1031 2543 1424 2598 permanserunt.

468 2619 746 2667 Aoristicae
813 2617 1002 2664 formae
1057 2619 1169 2664 raro
1226 2616 1553 2663 inveniuntur.
1613 2611 1912 2659 Indicativus

399 2702 566 2750 aoristi
615 2701 715 2748 vim
760 2698 1175 2763 ingressivam
1215 2698 1369 2745 habet
1406 2694 1754 2744 tantummodo
1792 2692 1912 2739 VIII

401 2800 482 2843 92,
521 2786 548 2830 8
581 2782 708 2850 μόλις
737 2780 784 2832 δὲ
812 2790 893 2831 τῶν
927 2780 1217 2848 πρεσβυτέρων
1250 2778 1582 2830 διακωλυόντων
1615 2772 1915 2843 ἡσύχασαν

402 2864 431 2914 ἰ.
453 2881 497 2912 e.
531 2862 937 2927 conquieverunt,
971 2861 1035 2908 ad
1068 2860 1284 2923 quietem
1319 2858 1507 2907 redacti
1545 2867 1686 2917 sunt3
1727 2855 1916 2919 partiei-
