2119 3342
1080 196 1144 243 54

358 332 582 398 ξυμβῆναι
634 331 758 388 κτλ,
808 325 904 372 VII
959 340 982 371 2
994 338 1038 385 5,
1088 340 1120 384 4
1165 327 1273 391 μίαν
1311 322 1389 391 μὲν
1428 328 1533 374 ναῦν
1567 319 1869 390 λαμβάνουσιν

358 408 501 470 αὐτοῖς
562 406 765 477 α’νδράσι,
820 403 899 466 τὰς
949 402 1136 465 δ’ἄλλας
1191 402 1286 455 οὐκ
1342 405 1712 462 ἐδυνήθησαν,
1770 399 1870 453 αλλ’

359 488 666 558 ἀποφεύγουσιν
698 491 738 549 ἐς
766 485 844 548 τὰς
872 483 1177 556 Συρακούσας,
1210 485 1386 550 quibus
1418 495 1652 549 quattuor
1683 483 1801 531 locis
1820 483 1870 530 id

359 582 551 620 tantum
584 572 745 634 agitur
766 581 818 617 ut
838 568 1087 617 nuntietur
1107 568 1370 615 conamina
1390 584 1489 614 non
1511 582 1748 630 prospere
1767 581 1870 612 suc-

360 653 579 710 cessisse,
597 669 694 700 non
707 663 760 699 ut
771 651 852 698 illa
869 650 1130 698 conamina
1144 648 1408 697 lectoribus
1419 657 1869 712 repraesententur,

361 736 538 799 quibus
575 735 721 797 igitur
759 733 877 782 locis
917 732 1124 780 aoristus
1164 731 1255 779 dici
1295 741 1461 795 potest
1498 728 1768 778 effectivus,

431 817 712 864 Verborum
752 818 977 866 θεᾶσθαι
1016 824 1065 861 et
1098 817 1149 863 θε
1169 819 1296 880 ωρεῖ
1302 833 1324 862 ν
1354 811 1701 859 tantummodo
1735 825 1873 873 prae-

359 898 576 946 senticae
613 897 804 945 formae
842 895 1170 954 inveniuntur,
1210 894 1347 958 cujus
1385 893 1454 941 rei
1492 909 1642 940 causa
1679 891 1874 939 videtur

361 980 496 1044 quod
534 979 658 1027 haec
695 978 849 1026 verba
885 976 1164 1040 significant
1210 985 1493 1036 „attente
1530 971 1870 1037 spectare”‚

362 1078 492 1124 quae
553 1060 688 1108 notio
739 1059 917 1107 rectius
959 1058 1128 1106 formis
1168 1056 1404 1104 durativis
1443 1073 1594 1120 quam
1633 1053 1871 1103 aoristicis

363 1142 663 1206 exprimitur.
714 1141 1057 1205 (Quamquam
1106 1139 1175 1186 IV
1223 1155 1305 1200 93,
1354 1155 1371 1185 1
1417 1139 1459 1197 ἐς
1495 1141 1651 1206 χωρίον
1692 1140 1875 1195 καθίσας

363 1224 452 1274 ὅθεν
499 1253 566 1258 —
611 1221 706 1273 οὐκ
757 1222 1014 1290 ἐθεώρουν
1069 1221 1291 1280 οἷλλῆλους
1341 1219 1551 1267 verbum
1601 1222 1764 1286 θεωρεῖν
1808 1217 1876 1264 in-

363 1304 579 1354 solenter
608 1314 896 1368 usurpatum
925 1313 1001 1351 est
1028 1319 1175 1350 sensu
1196 1301 1395 1365 proprio
1429 1298 1874 1364 conspiciendi,

366 1405 476 1435 cum
526 1386 818 1450 plerumque
868 1384 1044 1433 ludos
1085 1394 1374 1447 spectare
1412 1381 1668 1446 significet,
1708 1392 1876 1428 tamen

365 1479 554 1517 temere
586 1468 878 1515 mutandum
911 1484 1011 1514 non
1045 1482 1253 1525 censeo3
1277 1464 1335 1512 cf.
1361 1464 1431 1512 St.
1456 1480 1568 1511 ann.
1593 1463 1658 1510 ad
1680 1461 1877 1525 locum.)

366 1550 561 1598 Eodem
611 1550 822 1613 pertinet
872 1548 1007 1612 quod
1045 1564 1075 1595 a
1112 1547 1270 1595 verbo
1308 1551 1405 1614 ὁρᾶ.
1417 1566 1464 1606 ν,
1505 1544 1642 1608 quod
1680 1543 1878 1607 proprie

367 1632 645 1695 significare
720 1631 916 1679 videtur
991 1630 1128 1690 „das
1196 1627 1490 1684 hutende‚
1561 1624 1882 1689 sorgliche

369 1713 851 1776 Betrachten'’1),
893 1712 1103 1760 aoristus
1142 1727 1202 1758 ex
1241 1709 1418 1758 eadem
1459 1707 1611 1772 stirpe
1650 1724 1749 1755 non
1787 1707 1881 1754 for-

369 1806 556 1856 matur3
611 1795 776 1843 aoristi
813 1794 924 1842 loco
987 1794 1034 1840 in
1086 1810 1175 1840 usu
1224 1802 1300 1839 est
1340 1793 1504 1849 ἰδεῖν,
1545 1807 1646 1853 quo
1685 1789 1882 1853 proprie

368 1877 670 1941 significatur
726 1888 960 1941 „repente
1010 1873 1326 1939 conspicere’'
1381 1872 1701 1937 (Germanice
1759 1889 1880 1934 „er-

370 1958 686 2023 blicken''),
739 1959 796 2008 cf.
847 1958 914 2006 IV
962 1974 1045 2019 44,
1100 1974 1131 2018 4
1183 1956 1397 2024 κονιορτὸν
1438 1954 1485 2006 δὲ
1523 1958 1580 2014 ὡς
1618 1952 1766 2005 εἶδον
1808 1957 1882 2004 καὶ

370 2044 427 2101 ὡς
476 2038 684 2108 ἔγνωσαν,
728 2041 936 2109 ἐβοήθουν
976 2036 1123 2099 εὐθύς,
1166 2035 1666 2086 animadvertendum
1708 2045 1783 2082 est
1822 2051 1883 2083 eo

370 2139 517 2169 sensu
586 2121 668 2185 qui
736 2132 811 2169 est
873 2137 1195 2185 „vergere,
1253 2117 1591 2183 spectare”
1652 2117 1733 2180 (de
1789 2117 1882 2164 situ

372 2204 605 2267 regionis)
636 2214 686 2251 et
723 2220 999 2266 „operam
1033 2203 1179 2249 dare
1207 2201 1319 2261 ut'’‚
1359 2216 1609 2262 „cavere
1630 2197 1881 2265 Π6(μή)”

373 2302 570 2348 semper
618 2285 952 2348 praesenticas
1003 2284 1188 2331 formas
1227 2283 1273 2346 (i.
1298 2300 1339 2330 e.
1383 2298 1619 2345 praesens
1657 2280 1762 2328 sive
1801 2280 1883 2327 im·

374 2367 645 2430 perfectum
695 2367 833 2414 verbi
880 2368 1003 2434 ὁρᾶν)
1048 2365 1272 2429 usurpari
1311 2363 1422 2427 (loci
1461 2362 1648 2410 laudati
1687 2372 1799 2409 sunt
1837 2361 1884 2408 in

376 2448 588 2496 Betantii
628 2447 843 2511 Lexico).

446 2529 600 2577 Verbi
647 2526 960 2597 θεραπεύειν
1022 2527 1331 2590 „curare'’‚
1380 2524 1665 2587 „colere'’,
1714 2541 1884 2586 „ope-

377 2629 498 2659 ram
536 2611 733 2671 dare'’,
775 2611 959 2659 multae
998 2610 1337 2675 praesenticae
1377 2608 1579 2666 formae,
1621 2607 1668 2654 in
1709 2606 1885 2670 quibus

431 2826 462 2869 1)
497 2827 632 2868 Brugm.
668 2826 725 2857 Gr.
755 2825 829 2857 Gr.³
855 2825 871 2866 ξ
900 2830 984 2866 5323
1012 2824 1054 2855 cf.
1082 2823 1259 2854 Delbriick
1285 2823 1380 2864 Synt.
1409 2821 1548 2853 Forsch.
1576 2821 1625 2852 IV
1652 2831 1685 2862 p.
1713 2829 1756 2860 92
1783 2825 1816 2851 et
1843 2820 1884 2852 G.

380 2885 516 2916 Curtius
532 2884 738 2925 Grundziige
754 2883 812 2914 der
825 2882 1065 2924 griechischen
1081 2881 1300 2923 Etymologie
1316 2880 1385 2923 (ed.
1402 2880 1512 2922 quint.
1529 2879 1624 2921 Lips.
1644 2877 1747 2921 1879)
1759 2889 1793 2920 p.
1809 2886 1884 2909 101.
