2119 3342
1110 225 1168 269 16

370 384 493 431 quae
538 365 790 430 praecipue
835 364 878 411 in
927 363 1092 429 linguis
1144 363 1332 411 Graeca
1377 372 1424 410 et
1463 361 1642 410 Iranica
1677 361 1721 408 in
1757 377 1893 408 usum

370 447 792 512 frequentissimum
829 446 1022 494 venerit.
1040 446 1075 508 1)

442 529 614 593 Longe
661 527 897 575 diversam
948 526 1217 590 opinionem
1267 524 1513 588 amplexus
1559 524 1893 571 Mutzbauerus

371 611 415 658 in
462 609 579 658 libro
629 627 770 673 quem
821 625 963 672 supra
1011 606 1213 665 laudavi,
1265 616 1427 654 censet
1476 605 1632 653 aoristi
1670 604 1893 668 Indoger-

372 692 538 740 manici
573 691 958 756 significationem
990 689 1269 752 primitivam
1301 705 1409 736 eam
1442 704 1548 734 esse
1577 703 1722 749 quam
1754 685 1893 733 aoris-

372 785 449 822 tus
493 773 641 820 habet
690 772 733 819 in
783 771 940 836 lingua
977 771 1132 818 Indica
1169 769 1501 828 vetustissima,
1542 784 1716 831 nempe
1752 767 1797 813 in
1835 782 1895 813 ea

372 854 629 902 carminum
667 851 938 901 collectione
977 868 1102 915 quae
1140 851 1359 915 Rigveda
1391 860 1599 898 vocatur.
1635 847 1894 895 Delbruec-

373 936 476 983 kius
522 935 645 982 enim
696 934 998 981 constituerat
1046 932 1340 979 indicativum
1390 931 1547 979 aoristi
1595 930 1656 977 ibi
1696 939 1896 977 tantum-

374 1017 519 1066 modo
571 1016 782 1064 adhiberi
829 1015 892 1062 ad
941 1014 1238 1062 referendum
1288 1013 1342 1060 id
1387 1012 1542 1076 quod
1579 1011 1751 1059 modo
1789 1010 1896 1058 fac-

374 1110 489 1148 tum
521 1108 625 1157 est,
659 1114 768 1144 cum
799 1107 988 1159 tempus
1019 1096 1308 1143 narrativum
1341 1095 1384 1158 (i.
1407 1111 1447 1142 e.
1485 1094 1531 1141 id
1563 1104 1766 1156 tempuS,
1801 1108 1897 1155 quo

375 1198 451 1228 res
482 1179 763 1245 jamdudum
799 1178 1053 1241 praeterito
1091 1188 1309 1240 tempore
1347 1186 1519 1241 gestae
1556 1174 1813 1237 narrantur)
1843 1173 1900 1220 sit

374 1261 711 1325 imperfectum.
730 1261 764 1323 <2)
803 1259 937 1306 Nunc
975 1258 1310 1305 Mutzbauerus
1342 1258 1429 1304 sibi
1464 1256 1694 1320 persuasit
1721 1273 1780 1303 ex
1807 1255 1899 1302 hoc

377 1344 493 1391 inter
524 1342 746 1390 aoristum
779 1351 827 1388 et
856 1340 1180 1403 imperfectum
1212 1338 1552 1386 discrimine
1582 1334 1901 1400 temporali

378 1424 507 1488 apud
562 1423 774 1470 Graecos
830 1422 1022 1469 demum
1079 1432 1232 1469 ortum
1288 1437 1394 1468 esse
1444 1437 1581 1467 usum
1631 1418 1804 1466 aoristo
1854 1426 1902 1464 et

378 1505 652 1569 imperfecto
708 1503 986 1568 designandi
1042 1502 1297 1550 diversa
1351 1518 1577 1567 genera
1631 1498 1898 1557 actionis,

379 1604 485 1635 cum
538 1586 723 1644 Graeci,
763 1585 991 1632 rationem
1028 1583 1358 1647 temporalem,
1399 1600 1528 1646 quae
1565 1582 1680 1629 inter
1717 1581 1901 1628 diversa

378 1668 502 1716 facta
537 1666 808 1724 intercedat,
847 1666 891 1712 in
927 1665 1190 1712 narratione
1226 1664 1486 1729 significare
1507 1680 1600 1711 non
1621 1661 1900 1723 curantes‚3)

379 1749 630 1813 cupiditate
667 1765 697 1795 a
734 1758 899 1794 natura
935 1747 1068 1793 insita
1105 1763 1180 1793 res
1211 1746 1364 1793 vivide
1397 1756 1444 1793 et
1475 1744 1724 1807 conspicue
1753 1742 1899 1805 expri-

379 1830 535 1878 mendi
568 1840 713 1892 atque
734 1828 986 1893 effingendi
1005 1828 1048 1874 in
1069 1844 1288 1875 sermone
1309 1844 1503 1890 quoque
1523 1843 1608 1874 suo
1629 1825 1901 1889 adjumenta

381 1910 696 1975 quaesiverint
733 1910 795 1956 ad
833 1919 1118 1972 aspectus
1156 1909 1346 1956 actionis
1385 1907 1728 1972 exprimendos.
1771 1905 1899 1966 Quo-

380 1993 526 2041 modo
576 2002 735 2039 autem
784 2008 896 2038 eum
945 2001 1214 2053 temporum
1264 2007 1399 2037 usum
1450 1989 1686 2037 Graecum
1731 2005 1791 2035 ex
1826 1985 1901 2034 illo

380 2093 469 2123 usu
507 2073 753 2138 originario
792 2089 899 2120 esse
930 2071 1194 2135 profectum
1225 2072 1562 2119 Mutzbauerus
1590 2069 1674 2117 sibi
1705 2068 1899 2126 finxerit,

381 2155 581 2221 legimus
607 2154 737 2217 apud
757 2170 864 2200 eum
885 2171 929 2216 p.
964 2169 1023 2212 14
1042 2172 1049 2199 :
1082 2182 1176 2214 „—
1198 2153 1291 2200 Die
1311 2153 1545 2200 Funktion
1564 2152 1650 2199 des
1671 2149 1900 2210 Aoristes,

436 2338 470 2381 1)
495 2339 575 2370 PBr.
604 2339 641 2369 B.
668 2338 734 2368 XV
762 2347 795 2379 p.
826 2345 1021 2377 139—141.

435 2396 472 2439 2)
499 2396 552 2428 Cf.
587 2395 708 2427 Delbr.
740 2394 856 2436 Vergl.
886 2394 981 2435 Synt.
1008 2394 1043 2425 II
1070 2394 1161 2436 Kap.
1188 2394 1272 2425 XVI
1298 2393 1314 2436 ἓ
1342 2401 1380 2434 3:
1411 2410 1477 2434 „—
1503 2394 1544 2424 In
1570 2398 1712 2424 ersterer
1739 2391 1903 2424 Hinsicht

386 2453 464 2486 darf
483 2453 539 2485 ich
561 2453 652 2485 wohl
672 2453 734 2484 auf
752 2452 866 2483 meine
887 2451 1094 2482 altindische
1116 2451 1365 2492 Tempuslehre
1380 2450 1639 2493 (Syntaktische
1654 2449 1903 2491 Forschungen

385 2521 454 2542 von
489 2512 527 2542 B.
563 2510 740 2541 Delbriiek
769 2509 841 2540 und
867 2509 907 2540 E.
937 2509 1120 2540 Windiseh
1146 2509 1192 2548 ΙΙ,
1219 2507 1321 2540 Halle
1352 2508 1456 2550 1876)
1482 2508 1686 2549 hinweisen,
1712 2507 1821 2538 worin
1846 2506 1903 2538 die

387 2568 536 2610 Sprache
571 2568 631 2599 des
665 2567 762 2598 Veda
796 2566 868 2597 und
903 2566 962 2597 der
996 2566 1143 2597 altesten
1179 2566 1282 2597 Prosa
1306 2565 1494 2597 behandelt
1521 2565 1659 2596 worden
1687 2565 1741 2596 ist.
1768 2565 1822 2595 Da
1849 2564 1903 2595 die

386 2626 532 2667 iibrigen
558 2625 655 2656 Modi
682 2625 742 2655 des
769 2624 903 2655 Aorists
929 2624 1042 2664 wenig
1064 2624 1242 2654 Ausbeute
1265 2623 1461 2665 gewahren,
1483 2621 1713 2654 beschr‘ankte
1734 2621 1790 2652 ich
1812 2620 1904 2651 mich

387 2683 448 2714 auf
477 2683 545 2714 den
578 2682 754 2713 Indikativ
789 2681 861 2712 und
896 2681 1011 2711 stellte
1045 2680 1123 2722 fest,
1158 2681 1259 2712 dass
1285 2681 1359 2711 der
1394 2679 1609 2711 Redende
1644 2678 1780 2710 durch
1807 2678 1904 2708 den-

387 2740 546 2771 selben
586 2745 721 2771 etwas
758 2738 826 2770 als
861 2738 968 2769 eben
1004 2737 1260 2778 geschehen
1292 2737 1576 2768 bezeichnet.
1611 2737 1716 2767 Dem
1749 2746 1904 2777 gegen-

394 2798 501 2828 iiber
534 2796 677 2827 werde
711 2796 786 2827 das
821 2795 1147 2837 Imperfektum
1173 2795 1437 2837 gebraucht⁷
1463 2805 1527 2826 um
1554 2798 1688 2826 etwas
1713 2793 1904 2834 Vergan-

393 2864 529 2896 genes
556 2865 601 2885 zu
628 2853 855 2895 erziihlen,
881 2863 928 2884 es
955 2852 1018 2884 sei
1044 2852 1119 2883 das
1146 2853 1340 2894 Tempus
1368 2853 1444 2884 der
1471 2850 1812 2892 Schilderung.”

437 2912 473 2956 3)
499 2912 594 2954 quod
619 2912 860 2943 Mutzbauerus
886 2911 975 2942 bene
1002 2910 1169 2952 exemplis
1196 2911 1343 2943 illustrat
1369 2910 1437 2943 ο.1.
1467 2920 1501 2952 p.
1530 2915 1655 2951 5—10.
