2119 3342
1063 220 1122 265 32

405 349 535 397 Tum
604 345 786 395 contuli
846 343 1110 393 nonnullos
1166 342 1305 391 locos
1364 343 1541 407 quibus
1599 341 1852 405 imperfec-

335 441 439 479 tum
505 439 555 476 et
622 428 832 475 aoristus
887 426 1021 474 vices
1077 424 1325 473 alternant
1381 434 1430 472 et
1488 423 1694 487 exposui
1752 438 1852 485 qua

335 512 527 560 ratione
563 510 790 556 inductus
822 508 1028 571 scriptor
1059 507 1105 554 in
1141 506 1320 554 eodem
1355 505 1649 554 narrationis
1681 514 1853 551 tenore

336 604 565 656 tempora
596 589 875 638 variaverit.
907 588 986 635 Sic
1007 605 1160 651 saepe
1181 587 1391 651 primum
1413 585 1702 649 imperfecto
1725 583 1854 631 actio

336 675 440 722 sive
497 672 713 720 conditio
769 669 1017 734 generalis
1073 669 1376 727 describitur,
1434 667 1614 715 deinde
1671 665 1854 713 aoristo

337 773 480 804 casus
513 752 769 818 peculiaris
802 751 1066 810 nuntiatur,
1097 749 1234 798 velut
1257 750 1323 797 III
1348 753 1429 810 96,
1457 764 1482 810 3
1515 748 1854 816 ἐπεβοήθουν

337 835 504 896 πάντες,
557 833 659 886 ὥστε
708 834 782 884 καὶ
832 835 870 883 οἱ
917 831 1092 901 ἔσχατοι
1138 829 1363 899 Ὀφιονέων
1403 860 1471 865 -—
1510 830 1853 899 ἐβοήθησανε

338 916 626 981 imperfecto
673 931 940 962 concursus
978 911 1269 961 auxiliorum
1309 912 1391 975 qui
1425 911 1643 974 undique
1683 909 1737 957 fit
1775 909 1857 956 de-

338 998 575 1056 scribitur,
632 996 817 1044 aoristo
874 995 1024 1042 etiam
1080 1004 1331 1042 extremos
1381 991 1679 1040 Aetolorum
1730 989 1857 1038 inter

339 1097 400 1128 ea
439 1077 616 1126 auxilia
653 1077 803 1124 fuisse
842 1076 1106 1124 nuntiatur.
1833 1121 1837 1125 .

412 1161 465 1208 In
516 1159 747 1207 ulteriore
785 1158 931 1222 hujus
969 1155 1117 1204 libelli
1157 1165 1299 1219 parte
1338 1155 1420 1218 egi
1458 1155 1522 1202 de
1560 1152 1857 1217 quibusdam

339 1241 503 1290 verbis
563 1250 612 1287 et
660 1239 927 1287 verborum
978 1237 1246 1300 generibus
1297 1253 1444 1299 quae,
1496 1235 1631 1299 quod
1684 1234 1859 1282 attinet

342 1323 407 1371 ad
438 1321 857 1386 praesenticarum
889 1320 992 1367 sive
1025 1319 1567 1367 aoristicarum.eorum
1587 1317 1858 1363 formarum

342 1404 475 1467 apud
505 1401 848 1466 Thucydidem
882 1418 1041 1460 usum,
1075 1399 1301 1464 longiore
1336 1398 1674 1462 disquisitione
1707 1396 1859 1461 digna

343 1485 459 1533 mihi
500 1483 813 1542 videbantur,
853 1481 1035 1530 scilicet
1073 1481 1137 1528 de
1163 1480 1330 1528 verbis
1358 1482 1654 1539 ποιεῖσθαι,
1695 1476 1858 1546 ἔχειν,

344 1563 494 1634 ἄγειν
545 1582 656 1612 cum
706 1563 905 1611 nomine
943 1563 1012 1610 ita
1050 1562 1322 1626 conjunctis
1362 1571 1415 1609 ut
1453 1560 1590 1609 verbi
1629 1558 1861 1623 simplicis

342 1646 637 1711 significatio
695 1662 756 1692 ex
813 1661 872 1692 ea
930 1643 1277 1708 conjunctione
1328 1642 1541 1702 evadat,
1594 1641 1658 1689 de
1704 1640 1861 1688 verbo

343 1729 522 1796 λέγειν
574 1737 623 1774 et
674 1725 780 1773 aliis
816 1725 980 1773 verbis
1019 1723 1159 1771 simili
1198 1723 1560 1788 significatione
1598 1721 1859 1786 praeditis;

344 1810 406 1858 de
455 1808 619 1856 verbis
659 1812 946 1867 τελευτᾶν,
988 1803 1209 1874 ἄρχειν,
1252 1802 1554 1873 ἄρχεσθαις
1595 1804 1658 1851 (16
1695 1802 1862 1851 verbis

342 1898 524 1949 νικᾶν,
596 1895 844 1958 κρατεῖν,
910 1891 1213 1948 ἡσσᾶσθαι,
1274 1886 1522 1947 ἄδικεῑνς
1580 1885 1643 1933 (16
1697 1883 1863 1932 verbis

344 1990 474 2036 quae
507 1982 696 2019 motum
729 1970 969 2017 indicant:
1006 1969 1172 2028 ἰέναι,
1213 1968 1466 2035 πέμπειν,
1506 1963 1721 2034 φεύγειν
1757 1983 1798 2013 6.
1821 1982 1858 2013 S.

417 2053 544 2100 Tum
612 2051 819 2115 profecti
879 2051 942 2097 ab
1001 2050 1230 2097 omnibus
1286 2049 1342 2096 iis
1399 2065 1528 2112 quae
1585 2046 1861 2111 disquisitio

345 2144 515 2182 nostra
571 2133 826 2191 docuerat,
878 2131 1236 2195 disputavimus
1287 2131 1350 2178 de
1399 2129 1695 2194 quibusdam
1743 2127 1862 2176 locis

345 2214 682 2278 Thucydideis
738 2213 915 2276 quibus
972 2211 1052 2259 alii
1111 2212 1307 2259 codices
1363 2210 1724 2274 imperfectum,
1782 2208 1862 2256 alii

346 2297 583 2365 aoristum
651 2294 899 2353 exhibent,
969 2303 1022 2340 ut
1085 2293 1495 2340 constitueremus
1550 2302 1659 2339 utra
1716 2289 1862 2338 lectio

346 2378 439 2426 utri
482 2375 809 2441 praeferenda
847 2383 992 2422 esset.
1034 2374 1290 2435 Quantum
1330 2373 1554 2421 codicum
1593 2371 1862 2420 auctoritas

345 2456 514 2506 valeat
563 2455 906 2520 disputationis
957 2444 1167 2502 fortasse
1219 2465 1427 2502 eventus
1476 2453 1595 2501 satis
1646 2452 1860 2500 docebit.

349 2540 481 2587 Nam
532 2548 584 2585 ut
632 2538 679 2584 in
731 2536 880 2584 dubia
932 2553 984 2583 re
1021 2536 1138 2583 boni
1178 2536 1357 2584 codicis
1395 2534 1541 2583 lectio
1579 2533 1715 2582 litem
1755 2533 1863 2580 diri-

349 2637 484 2668 mere
540 2628 719 2683 potest,
777 2617 845 2664 ita
898 2618 1253 2680 anteponenda
1304 2627 1472 2664 tamen
1524 2616 1614 2663 erit
1665 2631 1863 2677 semper

348 2700 583 2748 librorum
634 2699 749 2746 fidei
798 2715 858 2745 ea
908 2697 1132 2745 doctrina
1182 2715 1311 2762 quae
1362 2715 1421 2745 ex
1472 2705 1704 2744 accurata
1742 2706 1863 2743 tem-

349 2798 524 2845 porum
582 2779 934 2828 observatione
981 2779 1211 2828 nascitur.
1267 2778 1694 2827 Animadvertisse
1745 2776 1862 2823 mihi

349 2862 522 2910 videor
570 2861 616 2909 in
667 2860 953 2925 hujusmodi
1004 2876 1205 2924 quoque
1244 2860 1615 2925 quaestionibus
1654 2858 1861 2906 CLASSE-
