2119 3342
902 185 966 244 69

179 329 344 397 ἡμέρας
392 350 433 378 τε
481 324 585 378 ἔπτὰ
623 356 691 361 -
731 331 982 393 Κερκυραῖοι
1030 333 1143 392 σφῶν
1196 321 1335 374 αὐτῶν
1381 320 1480 383 τοὺς
1516 319 1694 390 ἐχθροὺς

179 413 417 470 δοκοῦντας
464 408 569 460 εἶναι
618 407 871 476 ἐφόνευον
921 435 1006 466 --,
1048 405 1323 457 α’πέθανον
1372 404 1427 455 δέ
1464 424 1571 463 τινες
1618 403 1692 453 καὶ

180 494 292 552 ἰδίας
341 489 498 560 ἔχθρας
548 487 698 551 ἕνεκας
750 489 796 535 in
849 505 909 535 ea
948 487 1268 551 paragrapho
1308 502 1438 549 quae
1475 484 1696 547 sequitur

178 573 389 636 primum
430 569 739 633 complexive
772 577 1076 616 memoratur
1108 565 1233 618 πᾶσά
1265 588 1306 616 τε
1337 566 1431 616 ἰδέα
1461 566 1694 623 κατέστη

179 651 386 719 θανοῖτου,
425 656 499 702 καὶ
531 679 600 686 ——
632 648 754 700 οὐδὲν
787 649 811 699 ὅ
839 671 878 699 τι
909 646 957 699 οὐ
991 648 1226 716 ξυνέβη,
1261 657 1365 695 tum
1398 646 1696 710 imperfectis

180 734 357 782 civium
415 742 616 780 mutuae
655 730 836 778 caedes
886 729 1248 793 depinguntur:
1301 729 1375 779 καὶ
1426 725 1511 796 γὰρ
1556 726 1698 795 πατὴρ

178 818 319 867 παῖδα
369 812 651 865 οέπέκτεινε
702 813 776 863 καὶ
832 811 916 862 α’πό
966 821 1048 861 τῶν
1101 813 1217 878 ἱερῶν
1268 809 1583 861 α’πεσπῶντο
1622 813 1696 859 καὶ

178 897 279 966 πρὸς
318 894 460 956 αὐτοῖς
498 897 833 954 ἐκτείνοντος
868 893 932 940 ad
967 902 1243 940 extremum
1277 908 1420 939 casus
1440 888 1698 955 peculiaris

170 978 384 1027 ¹refertur
423 976 634 1025 aoristo:
675 978 714 1026 οἱ
752 975 806 1026 δέ
836 995 942 1034 τινες
982 975 1055 1024 καὶ
1097 1003 1165 1008 -
1204 973 1493 1024 α’πέθανον.

254 1060 319 1106 ΙΙΙ
375 1062 468 1106 106
508 1057 749 1105 exercitus
787 1055 878 1104 iter
917 1055 1103 1103 faciens
1141 1072 1229 1118 per
1266 1054 1430 1102 varias
1468 1052 1699 1117 regiones

181 1139 468 1189 describitur
505 1138 661 1186 tribus
700 1135 1000 1201 imperfectis
1037 1135 1284 1205 ἐχώρουν
1320 1137 1400 1200 (gg
1439 1152 1477 1194 1,
1514 1150 1557 1193 2,
1597 1135 1660 1197 3).

259 1224 370 1279 108‚
423 1238 448 1282 3
501 1222 877 1288 ἐπαναχωροῦντες
928 1218 975 1270 δὲ
1015 1221 1071 1279 ὡς
1113 1217 1250 1286 ἐώρων
1287 1217 1334 1267 τὸ
1372 1215 1498 1268 πλέον
1538 1236 1698 1272 νενικη-

180 1303 308 1372 μένον
361 1307 435 1353 καὶ
482 1305 521 1352 οἱ
559 1298 684 1351 ἄλλοι
723 1297 982 1368 Ἀκαρνᾶνες
1024 1304 1136 1367 σφίσι
1175 1298 1453 1367 προσέκειντο,
1498 1301 1700 1365 χαλεπῶς

181 1383 510 1454 διεσῴζοντο
549 1384 589 1442 ἐς
620 1379 698 1442 τὰς
723 1379 922 1441 Ὀλπαςῑ
965 1380 1253 1443 imperfecto
1284 1379 1439 1443 (quod
1466 1377 1592 1426 redit
1611 1377 1699 1424 VII

186 1484 266 1528 34,
321 1469 369 1529 6)
419 1473 857 1528 repraesentantur
907 1463 1049 1510 nobis
1099 1461 1239 1509 varia
1277 1469 1532 1508 momenta
1571 1475 1701 1521 quae

182 1557 435 1611 receptum
468 1546 800 1605 constituunt3
833 1554 1006 1592 contra
1035 1543 1174 1591 verbi
1204 1542 1489 1612 διασῴζεσθαι
1519 1541 1702 1589 aoristo

182 1627 529 1677 tantummodo
569 1626 820 1674 nuntiatur
857 1625 1074 1688 aliquem
1116 1625 1180 1672 ad
1213 1623 1492 1688 perfugium
1522 1621 1701 1670 incolu-

182 1728 314 1759 mem
365 1709 665 1772 pervenisse,
717 1706 853 1755 velut
906 1707 975 1754 III
1020 1710 1101 1768 85,
1152 1722 1207 1767 23
1250 1706 1319 1752 IV
1361 1709 1443 1766 96,
1488 1707 1532 1752 8.
1574 1703 1702 1750 Cum

182 1792 473 1856 imperfecto
512 1790 761 1859 διεσῴζοντο
796 1789 998 1837 omnino
1032 1788 1386 1836 conferendum
1420 1797 1494 1835 est
1527 1786 1701 1848 imper-

157 1862 364 1922 fectum
415 1872 551 1935 quod
589 1870 767 1935 legitur
807 1870 900 1917 VII
948 1886 1026 1931 23,
1068 1886 1090 1916 2
1128 1871 1203 1919 καὶ
1238 1870 1285 1918 ἐκ
1317 1867 1395 1936 μὲν
1427 1873 1501 1918 τοῦ
1538 1868 1701 1935 πρώτου

183 1955 362 2015 οέλόντος
418 1958 620 2022 χαλεπῶς
670 1955 708 2002 οἱ
760 1949 1077 2020 ἄνθρωποι-
1117 1953 1511 2017 ἐξεκομίζοντο
1562 1950 1602 2008 ἐς
1656 1948 1703 1998 τὸ

182 2035 465 2104 στρατόπεδον
500 2034 744 2097 (homines
773 2032 1052 2096 perfugium
1078 2041 1306 2095 petentes
1326 2029 1700 2091 describuntur).

257 2117 324 2165 IV
366 2131 448 2177 90,
494 2132 517 2162 2
560 2114 865 2171 describitur,
908 2113 1164 2177 quomodo
1206 2110 1406 2160 Delium
1448 2112 1510 2159 ab
1545 2110 1702 2159 Athe-

184 2198 432 2247 niensibus
466 2196 750 2255 muniretur,
786 2195 1110 2258 imperfectis:
1146 2193 1437 2253 ἔσκαπτον,
1472 2192 1703 2260 α’νέβαλ-

184 2285 293 2341 λον,
358 2279 681 2348 ἐσέβαλλον,
740 2276 1128 2345 ἐμετεώριζον,
1186 2286 1290 2323 tum
1349 2274 1489 2338 quasi
1546 2274 1704 2321 obiter

184 2360 497 2423 descriptioni
531 2359 736 2407 adicitur
768 2359 1007 2407 aoristus:
1039 2355 1225 2426 πύργους
1256 2378 1298 2407 τε
1331 2361 1529 2417 ξυλίνους
1558 2352 1704 2406 κατέ-

183 2461 390 2500 στησαν
430 2445 525 2491 κτλ.

256 2522 553 2585 Imperfecto
581 2521 850 2589 ἐπλήρουν
877 2518 974 2583 (τὰς
994 2522 1118 2583 ναῦς)
1133 2520 1269 2583 quod
1289 2518 1470 2582 legitur
1484 2518 1554 2565 VI
1576 2533 1655 2580 30,
1681 2535 1696 2565 1

185 2602 449 2666 multisque
483 2601 588 2650 aliis
619 2601 738 2649 locis
770 2601 1112 2649 describuntur
1146 2599 1272 2649 aliae
1300 2611 1414 2664 post
1435 2598 1555 2648 alias
1576 2599 1704 2662 copi-

184 2702 324 2733 arum
364 2693 531 2747 partes
571 2700 725 2730 naves
765 2683 1172 2730 conscendentes.

255 2766 326 2812 VI
380 2781 461 2826 43,
512 2782 527 2811 Ι
573 2766 726 2831 τοσῇδε
766 2763 853 2821 ἤδη
890 2774 943 2834 τῇ
982 2773 1234 2832 παρασκευῇ
1275 2761 1488 2821 Ἀθηναῖοι
1527 2758 1704 2829 ἄραντες

185 2850 230 2897 ἐκ
279 2857 354 2907 τῆς
407 2844 626 2915 Κερκύρας
677 2848 718 2906 ἐς
754 2846 831 2902 τὴν
869 2851 1062 2896 Σικελίαν
1102 2846 1481 2914 ἐπεραιοῦντο,
1522 2843 1695 2906 imper-
