2119 3342
887 206 944 254 71

155 330 184 401 ᾖ
221 333 357 384 ἐδόκει
395 331 684 386 ἐτάσσοντο
723 334 843 397 (quo
882 333 992 382 loco
1031 333 1165 398 impf.
1209 333 1351 382 simul
1384 334 1537 382 habet
1568 332 1668 381 vim

155 415 468 479 iterativam).
510 414 808 463 Indicativus
848 415 1030 475 amisti,
1072 416 1154 479 qui
1193 414 1357 463 multis
1385 414 1503 464 locis
1537 415 1671 478 (act,

156 496 304 553 med.‚
363 498 515 560 pass.)
566 495 760 559 legitur,
813 497 972 560 ipsam
1021 497 1394 545 instructionem
1443 513 1541 544 non
1595 496 1675 544 de-

155 577 328 641 pingit,
377 577 442 624 nil
494 577 582 624 nisi
628 578 784 625 aciem
839 595 947 626 esse
985 578 1274 625 instructam
1313 578 1505 625 nuntiat
1545 579 1668 640 (aor.

156 660 401 722 constat),
452 657 590 706 velut
640 659 706 705 III
763 672 842 721 77,
901 676 926 720 3
981 659 1141 720 ἰδόντες
1179 658 1225 710 δὲ
1265 662 1302 709 οἱ
1341 660 1675 714 Πελοποννήσιοι

153 739 230 796 τὴν
295 739 498 808 ταραχὴν
562 745 690 791 εἴκοσι
756 739 834 807 μὲν
892 744 1017 791 ναυσὶ
1082 740 1182 808 προς
1236 737 1334 800 τοὺς
1391 744 1676 808 Κερκυραίους

155 819 447 882 ἐτάξαντο,
486 827 580 881 ταῖς
618 820 665 870 δὲ
704 826 871 881 λοιπαῖς
913 826 1007 871 κτλ.

226 901 309 949 Ad
347 902 477 950 bene
509 900 848 950 illustrandam
883 902 1156 966 imperfecti
1188 904 1287 951 vim
1321 902 1672 967 descriptivam

154 993 204 1031 et
254 983 420 1031 aoristi
460 983 559 1031 vim
599 984 932 1032 constativam
972 985 1285 1033 conferemus
1323 1003 1499 1034 omnes
1537 985 1673 1034 locos

156 1065 333 1127 quibus
381 1065 568 1128 imperf.
621 1075 670 1113 et
719 1083 820 1114 aor.
873 1066 1261 1129 compositorum
1299 1065 1675 1135 παρατάσσειν

154 1157 205 1194 et
243 1145 827 1214 οἷντιπαρατάσσεσθαι
867 1158 1143 1196 occurrunt.
1181 1149 1478 1212 Imperfecta
1506 1148 1675 1212 legun-

154 1237 232 1275 tur
288 1227 420 1275 hisce
471 1226 613 1276 locis:
672 1228 767 1275 VII
829 1243 874 1290 5,
942 1245 957 1276 1
1021 1234 1045 1278 ὁ
1091 1228 1137 1279 δὲ
1187 1227 1402 1290 Γύλιππος
1452 1227 1550 1297 ἅμα
1596 1229 1675 1297 μὲν

154 1310 327 1377 ἐτείχιζε
365 1338 433 1344 --
467 1306 566 1377 ἅμα
604 1308 650 1359 δὲ
688 1310 1026 1378 παρέτασσεν
1065 1308 1233 1377 ἐξάγων
1273 1312 1350 1362 αἰεὶ
1389 1311 1467 1380 πρὸ
1496 1317 1570 1361 τοῦ
1598 1333 1676 1361 τει-

153 1394 369 1459 χίσματος
412 1389 509 1451 τοὺς
561 1395 846 1459 Συρακοσίους
898 1396 972 1442 καὶ
1018 1389 1117 1452 τοὺς
1167 1390 1461 1460 ξυμμάχους·
1516 1397 1590 1442 καὶ
1638 1395 1677 1442 οἱ

154 1469 368 1530 Ἀθηναῖοι
437 1470 1005 1541 άντιπαρετάσσοντοε
1068 1473 1358 1537 imperfecto
1413 1474 1675 1543 παρέτασσεν

154 1553 441 1601 describitur
473 1554 731 1616 quomodo
765 1553 1020 1617 copiarum
1050 1554 1176 1603 aliae
1210 1565 1323 1619 post
1356 1554 1476 1603 alias
1506 1565 1674 1618 partes

154 1652 243 1699 pro
299 1633 431 1683 vallo
482 1635 851 1693 instruerentur,
904 1637 978 1683 cui
1027 1637 1317 1701 imperfecto
1365 1637 1674 1701 respondens

153 1716 494 1780 imperfectum
551 1717 789 1785 άντιπαρετ.
850 1718 1094 1780 significat
1149 1718 1498 1777 Athenienses,
1552 1720 1675 1767 sicut

153 1797 379 1846 viderent
429 1797 770 1861 Syracusanos
823 1798 1042 1863 singulas
1081 1800 1335 1864 copiarum
1375 1811 1542 1864 partes
1581 1799 1674 1848 001-

152 1878 391 1938 locantes,
451 1880 518 1926 sic
575 1897 689 1927 suas
746 1897 948 1943 quoque
1004 1882 1173 1945 copias
1229 1899 1290 1929 ex
1342 1882 1555 1930 adverso
1608 1882 1672 1928 in-

153 1961 386 2009 struxisse
425 1961 503 2024 (cf.
547 1978 660 2009 ann.
703 1960 776 2009 Cl.
819 1963 883 2009 ad
921 1961 1117 2026 locum).

226 2043 354 2090 Fere
411 2042 542 2089 idem
599 2041 733 2089 valet
788 2042 834 2089 V
894 2058 974 2104 59,
1038 2060 1060 2090 2
1109 2047 1165 2104 ὡς
1216 2043 1353 2112 ἐώρων
1402 2042 1456 2095 τὰ
1507 2048 1672 2096 ἑαυτῶν

153 2121 393 2195 ὃῃουμενα,
442 2124 482 2183 ἐς
519 2121 675 2191 μάχην
722 2122 1158 2192 παρετάσσοντο,
1208 2124 1672 2194 α’ντιπαρεσκευάζοντο

155 2203 202 2254 δὲ
242 2206 321 2254 και1
356 2207 395 2254 οἱ
431 2204 792 2272 Λακεδαιμόνιοι.

228 2286 362 2346 148,
401 2302 426 2347 3
462 2289 519 2346 ὡς
553 2285 600 2336 δὲ
630 2288 827 2337 κατεῖδον
858 2286 1096 2349 άλλῆλους,
1132 2287 1674 2358 άντιπαρετάσσοντο

153 2367 181 2415 i.
196 2385 237 2415 e.
262 2367 507 2431 utrimque
524 2367 654 2415 acies
669 2367 1013 2430 instruebatur,
1039 2387 1168 2433 quae
1184 2371 1315 2419 acies
1329 2371 1479 2419 fusius
1495 2372 1673 2420 descri-

152 2449 281 2496 bitur
313 2448 360 2495 in
394 2448 448 2495 iis
481 2466 610 2511 quae
646 2460 943 2512 sequuntur:
979 2452 1045 2502 ἐπί
1069 2451 1147 2519 μὲν
1179 2453 1225 2503 τὸ
1255 2453 1393 2513 δεξιὸν
1425 2453 1553 2522 κέρας
1573 2458 1667 2504 κτλ.

224 2530 317 2576 VII
368 2543 448 2591 37,
496 2546 521 2591 3
567 2530 709 2593 (sicut
749 2530 859 2579 1000
897 2549 1046 2596 supra
1086 2531 1291 2581 laudato
1333 2533 1450 2581 VIII
1495 2551 1576 2595 94,
1624 2537 1672 2599 3)

154 2611 450 2675 imperfectis
495 2611 836 2660 describuntur
885 2613 964 2661 alii
1009 2613 1103 2662 alia
1141 2614 1282 2663 simul
1322 2626 1668 2679 capessentes:

154 2695 192 2743 οἱ
228 2691 306 2760 μὲν
345 2721 414 2728 --
452 2699 538 2752 τοῖς
567 2699 806 2761 προσιοῦσιν
846 2693 1409 2763 α’ντιπαρετάσσοντο,
1451 2700 1489 2747 οἱ
1526 2697 1572 2747 δὲ
1604 2726 1673 2734 —-

155 2772 554 2844 άντεπεξῇσαν,
619 2771 746 2824 ἄλλοι
810 2774 856 2825 δὲ
912 2783 1017 2837 ναῦς
1075 2778 1343 2845 ἐπλήρουν
1401 2782 1495 2828 κτλ.
1555 2778 1671 2826 Hoc

154 2852 281 2915 loco,
333 2872 494 2919 aeque
540 2871 598 2903 ac
637 2855 832 2904 duobus
868 2855 988 2906 locis
1026 2876 1152 2922 quos
1190 2859 1415 2923 proxime
1453 2858 1670 2919 laudavi,
