2119 3342
895 212 951 244 21

161 336 438 401 particulae
485 336 733 400 quaedam
784 335 1135 399 adjunguntur,
1190 336 1366 399 quibus
1405 337 1539 384 haud
1579 354 1676 384 am-

166 419 316 483 bigue
361 419 493 466 facta
532 419 596 465 ad
634 427 831 480 tempus
869 417 1189 480 praeteritum
1229 419 1519 477 referuntur,
1562 435 1679 481 qua-

167 500 238 547 les
294 510 406 547 sunt
456 499 584 559 ἦδη,
635 495 909 558 πολλα’κις
958 497 1240 561 similesque
1292 517 1469 559 voces3
1521 499 1581 546 cf.
1636 499 1678 545 II

176 598 252 640 11,
309 598 340 641 4
395 577 728 638 πολλάκις
777 579 822 628 τὸ
874 576 1056 630 ἔλασσον
1107 583 1268 640 πλῆθος
1316 581 1456 640 δεδιὸς
1507 576 1680 647 ἄμεινον

167 660 418 729 ἠμύνατο
454 659 552 721 τοὺς
588 661 788 719 πλέονας.

205 741 297 790 Ad
326 753 602 790 extremum
642 741 826 788 mentio
858 751 932 788 est
965 741 1192 788 facienda
1226 742 1331 805 ejus
1364 742 1531 789 aoristi
1564 759 1680 789 usus

167 841 267 886 quo
333 823 458 870 vim
526 823 717 870 habet
785 821 1390 886 plusquamperfecti
1449 822 1680 871 Latini.

170 905 240 952 Ut
270 905 376 968 jam
415 920 565 967 supra
597 903 821 962 diximus,
857 902 1027 966 lingua
1060 903 1254 951 Graeca
1287 904 1530 951 rationem
1562 914 1682 950 tem-

168 985 408 1050 poralem,
456 1002 585 1048 quae
624 985 748 1032 inter
786 985 981 1032 diversa
1021 985 1151 1032 facta
1189 985 1459 1044 intercedit,
1501 984 1680 1046 signifi-

169 1083 281 1114 care
320 1082 418 1113 non
458 1075 610 1125 curat,
645 1075 817 1112 contra
850 1083 907 1112 ac
939 1064 1107 1129 lingua
1140 1065 1334 1124 Latina,
1369 1066 1415 1112 in
1451 1082 1549 1129 qua
1582 1066 1680 1113 duo

167 1157 411 1210 tempora,
469 1145 1008 1210 plusquamperfectum
1067 1157 1117 1194 et
1167 1146 1382 1194 futurum
1435 1156 1680 1203 exactum,

169 1229 233 1277 ad
270 1229 318 1276 id
358 1229 516 1291 ipsum
556 1228 804 1275 destinata
841 1238 967 1275 sunt.
1009 1227 1088 1276 Sic
1126 1228 1172 1274 in
1212 1226 1322 1275 loco
1363 1229 1404 1275 II
1449 1244 1492 1286 2
1543 1244 1559 1274 1
1606 1245 1679 1290 sq.

170 1313 379 1378 Θηβαίων
413 1306 568 1376 ἄνδρες
601 1338 668 1344 —
701 1310 930 1364 ἐσῆλθον
963 1310 1053 1376 περὶ
1086 1319 1247 1377 πρῶτον
1280 1306 1408 1359 ὕπνον
1442 1306 1520 1369 ξὺν
1542 1307 1686 1368 ἕπλοις

170 1392 213 1450 ἐς
250 1388 480 1441 Πλοῖταιαν
502 1387 956 1457 -.ε’πηγα’γοντο
995 1388 1042 1439 δὲ
1081 1393 1155 1439 καὶ
1195 1388 1391 1457 α’νέῳξαν
1429 1387 1507 1449 τὰς
1544 1386 1686 1449 πυλας

170 1476 402 1522 Πλαταιῶν
454 1467 606 1540 ἄνδρες
656 1475 751 1521 κτλ.
804 1488 1004 1534 prorsus
1053 1468 1186 1518 nullo
1229 1470 1380 1517 modo
1420 1469 1687 1518 indicatum

173 1563 248 1601 est
299 1553 519 1601 actiones
570 1552 850 1599 arcessendi
902 1550 1207 1619 (ἐπηγάγοντο)
1258 1562 1308 1599 et
1358 1551 1686 1614 patefaciendi

174 1634 407 1702 (α’νέῳξαν)
445 1633 901 1697 praecessisse
933 1633 1180 1680 actionem
1213 1632 1422 1680 intrandi
1452 1634 1683 1696 (ἐσῆλθον),

174 1716 309 1779 quod
375 1714 545 1763 lectori
611 1732 639 1762 e
702 1724 936 1762 contextu
993 1713 1326 1778 colligendum
1383 1712 1684 1776 relinquitur.

173 1797 336 1860 Saepe
386 1796 733 1860 conjunctione
785 1794 1046 1859 temporali
1095 1794 1250 1858 (velut
1289 1796 1452 1858 ἐπειδή)
1491 1796 1688 1859 adjecta

172 1877 252 1926 vel
291 1878 528 1926 adverbio
567 1876 830 1940 temporali
868 1877 1064 1940 adjecto
1104 1875 1258 1939 (velut
1296 1876 1510 1945 πρότερον)
1544 1876 1687 1939 signi-

174 1959 348 2006 ficatur
394 1957 603 2006 alteram
655 1969 815 2005 utram
867 1958 1114 2005 actionem
1166 1956 1306 2004 alteri
1345 1958 1685 2005 antecessisse.

174 2040 229 2087 In
268 2056 497 2087 sermone
537 2039 715 2087 Latino
750 2039 1031 2102 hujusmodi
1063 2037 1181 2085 locis
1215 2038 1416 2085 omnino
1451 2038 1554 2086 fieri
1588 2055 1687 2085 non

173 2132 339 2185 potest
389 2121 504 2184 quin
555 2120 1095 2184 plusquamperfectum
1147 2119 1456 2166 adhibeatur.
1510 2119 1589 2166 Sic
1641 2119 1687 2166 in

173 2203 437 2251 enuntiatis
469 2220 619 2265 supra
649 2200 860 2249 laudatis
893 2204 1070 2257 ἐσῆλθον
1098 2201 1392 2248 vertendum
1414 2211 1490 2248 est
1518 2201 1688 2261 „intra—

172 2283 383 2332 verunt”
439 2283 577 2347 (perf.
631 2284 838 2347 histor.),
891 2281 1156 2350 ἐπηγάγοντο
1200 2293 1366 2330 autem
1407 2292 1456 2330 et
1495 2281 1689 2350 ἀνέῳξαν

181 2364 759 2426 „arcessiverant‘',
826 2362 1324 2427 „patefecerant”
1384 2361 1689 2426 (plusqupf.).

174 2446 366 2493 Eadem
415 2444 539 2493 ratio
591 2455 665 2492 est
715 2444 985 2508 imperfecti
1035 2444 1081 2490 V
1141 2448 1216 2503 16,
1277 2443 1492 2500 Ιέπειὸὴ
1541 2442 1587 2494 δὲ
1626 2473 1694 2480 ’-

173 2527 380 2582 ἐτεθνήκει
414 2525 504 2576 Κλε
503 2547 560 2576 ων
591 2547 633 2576 τε
666 2547 740 2576 και
774 2528 1027 2594 Βρασίδας,
1041 2533 1153 2615 οἵπερ
1185 2524 1453 2593 α’μφοτέρωθε
1457 2545 1478 2575 ν
1500 2523 1695 2592 μαλιστα

175 2610 538 2664 ἧναντιουντο
575 2616 627 2674 τῇ
666 2608 814 2676 ειρήνη
851 2607 879 2655 i
914 2624 955 2654 e.
999 2607 1110 2669 „qui
1140 2623 1334 2653 summa
1367 2622 1463 2668 ope
1497 2622 1696 2669 semper

176 2688 500 2736 adversati
539 2698 717 2735 erant
756 2687 1019 2751 quominus
1058 2704 1156 2750 pax
1196 2686 1385 2734 fieretff’

252 2770 572 2832 Quamquam
630 2779 796 2816 autem
847 2779 1193 2831 exspectamus
1245 2767 1526 2831 hujusmodi
1576 2766 1696 2815 locis

178 2850 518 2918 imperfectum
558 2859 607 2899 et
646 2849 880 2900 aoristum
915 2866 1075 2917 aeque
1108 2848 1331 2899 adhiberi
1361 2858 1410 2896 et
1441 2857 1545 2896 tum
1580 2865 1697 2915 quo-
