2119 3342
917 191 979 250 87

195 333 306 389 106,
352 330 425 393 2):
466 330 695 397 ἐγένετο
734 333 761 384 ἠ
801 333 1015 397 ὁμολογια
1053 333 1128 380 καὶ
1165 330 1569 398 προσεδέξαντο
1609 334 1703 380 κτλ.

259 409 305 456 V
342 426 421 471 31,
460 426 484 471 3
521 412 595 460 καὶ
628 410 756 478 μέχρι
784 416 858 460 τοῦ
886 407 1075 460 Ἀττικοῦ
1101 411 1289 478 πολέμου
1321 410 1538 479 α’πέσρερον,
1568 409 1706 461 ἔπειτα

185 490 477 558 παυσαμένων
499 520 567 525 --
588 493 627 540 οἱ
661 488 813 540 Ἠλεῖοι
847 490 1235 558 ἐπηνάγκαζον
1268 491 1369 553 (‚‚vi
1403 509 1490 538 eos
1523 508 1705 554 eogere

187 571 481 634 parabant'',
529 571 627 632 „sie
666 570 824 618 trafen
866 569 1069 618 Anstalt
1098 571 1167 618 sie
1197 572 1321 618 dazu
1356 590 1412 618 zu
1447 573 1703 636 zwingen''

189 651 300 716 CL),
341 655 379 702 οἱ
416 650 456 702 δ’
493 650 717 720 ἐτροῖποντο
757 653 860 720 πρὶς
896 650 995 712 τοὺς
1032 654 1426 720 Λακεδαιμονίους.

258 733 328 780 VI
355 749 433 792 29,
460 748 485 794 3
509 736 547 783 οἱ
567 730 607 783 δ’
628 736 771 802 ἐχθροὶ
794 733 881 796 (SC.
902 739 974 783 τοῦ
997 730 1297 801 Ἀλκιβιάδου)
1320 763 1387 769 --
1409 734 1706 802 α’πέτρεπον

189 816 262 864 καὶ
328 813 561 865 α’πέσπευ
577 816 668 864 δον
727 814 755 861 i.
798 831 839 862 e.
899 831 1093 862 summa
1151 832 1247 878 ope
1307 815 1589 863 nitebantur
1645 833 1707 864 ne

187 895 326 942 fieret
364 895 411 942 id
451 896 587 958 quod
626 894 737 945 Ale.
777 896 1094 943 desiderabat
1133 897 1457 959 („suchten
1498 898 1586 945 auf
1612 897 1707 945 alle

189 976 374 1037 Weise‚
415 977 518 1024 sein
558 975 846 1041 Verlangen
886 995 943 1024 zu
983 977 1368 1026 hintertreiben''
1409 978 1519 1042 St).

261 1058 404 1105 Nunc
433 1069 743 1106 transeamus
781 1059 846 1106 ad
884 1076 945 1106 ea
983 1060 1138 1106 verba
1171 1077 1381 1122 quorum
1403 1060 1507 1108 sive
1529 1060 1705 1123 imper-

187 1139 318 1187 fecta
385 1139 490 1187 sive
558 1138 685 1187 aliae
740 1139 928 1187 formae
983 1141 1324 1203 praesenticae
1380 1158 1532 1204 saepe
1588 1158 1700 1188 eum

187 1221 547 1284 significatione
603 1221 835 1269 conativa
886 1231 1173 1269 occurrunt:
1224 1219 1405 1290 ἄγειν,
1457 1223 1705 1283 διδόναι,

189 1306 450 1363 κτᾶσθαι,
521 1300 778 1363 κωλύειν,
844 1307 1072 1364 πείθειν,
1130 1302 1413 1371 πράσσειν,
1473 1308 1707 1373 φθείρειν

192 1401 464 1448 eorumque
504 1383 797 1447 composita.

264 1465 590 1513 Notissimum
638 1475 713 1513 est
763 1466 902 1513 verbi
952 1463 1104 1533 ἄγειν
1161 1465 1330 1513 formis
1386 1466 1707 1530 praesenticis

190 1546 348 1609 ipsam
399 1546 610 1594 ducendi
649 1546 912 1606 actionem,
952 1546 1113 1609 ipsam
1152 1547 1522 1610 expeditionem
1562 1547 1706 1611 signi-

190 1628 340 1688 ficari,
376 1645 485 1675 cum
519 1637 692 1675 eontra
722 1627 890 1675 formis
919 1628 1155 1675 aoristicis
1190 1628 1408 1696 (α’γαγεῖν)
1442 1629 1705 1692 praecipue

189 1710 281 1758 iter
309 1710 603 1769 confectum,
640 1710 852 1757 ducendi
886 1709 994 1756 finis
1014 1709 1268 1758 indicetur.
1292 1709 1523 1772 Exempli
1543 1711 1705 1774 gratia

190 1791 344 1839 affero
394 1792 463 1838 III
514 1794 594 1851 81,
642 1808 665 1838 2
707 1789 806 1852 τούς
841 1813 883 1841 τε
922 1795 1188 1851 Μεσσηνίους
1227 1793 1267 1851 ἐς
1303 1791 1380 1848 τὴν
1420 1791 1542 1842 πόλιν
1582 1791 1707 1858 ἤγα-

189 1893 284 1940 γον
335 1873 530 1941 πρότερον
580 1871 661 1932 ἔξω
712 1871 838 1932 ’ὄντας
890 1872 917 1919 i.
953 1889 996 1920 e.
1048 1872 1175 1920 intra
1225 1872 1397 1919 urbem
1436 1872 1704 1920 duxerunt:

190 1953 403 2001 aoristus
441 1953 686 2017 significat
725 1953 971 2001 actionem
1011 1954 1223 2001 ducendi
1262 1970 1419 2016 usque
1459 1953 1523 2000 ad
1556 1954 1706 2001 finem

189 2052 299 2083 esse
357 2034 664 2096 absolutam3
725 2052 854 2098 quae
912 2035 985 2083 vis
1033 2035 1200 2083 aoristi
1252 2035 1480 2083 effectiva
1531 2034 1706 2083 clarius

190 2117 340 2164 etiam
392 2115 552 2164 elucet
597 2116 643 2163 in
683 2116 924 2164 infinitivo
964 2117 1045 2180 qui
1083 2116 1263 2180 legitur
1304 2117 1371 2163 IV
1414 2130 1493 2178 37,
1544 2133 1559 2164 1
1606 2121 1705 2185 βου-

190 2198 361 2266 λόμενοι
410 2198 647 2266 α’γαγεῖν
699 2196 856 2257 αὐτοὺς
908 2195 1147 2258 Ἀθηναίοις
1198 2207 1362 2260 ζῶντας
1410 2198 1438 2246 i.
1468 2214 1510 2246 e.
1562 2199 1706 2246 vivos

190 2279 440 2327 tradere
466 2279 854 2327 Atheniensibus
882 2279 1022 2341 (nonz
1046 2279 1228 2327 ducere
1249 2280 1312 2327 ad
1335 2279 1497 2342 Ath.);
1533 2290 1706 2327 contra

192 2360 481 2424 imperfecto
540 2370 748 2408 eventus
804 2359 1009 2408 actionis
1067 2378 1165 2408 non
1221 2360 1541 2424 significatur,
1598 2362 1706 2425 ipsa

193 2441 321 2489 actio
373 2441 584 2489 ducendi
630 2441 931 2504 exprimitur,
984 2441 1120 2489 velut
1169 2442 1238 2488 IV
1286 2459 1367 2503 93,
1416 2459 1432 2489 Ι
1479 2447 1553 2493 καὶ
1592 2440 1706 2493 κατὰ

192 2521 330 2590 τάχος
364 2522 616 2582 α’ναστῆσας
655 2518 750 2590 ἦγε
782 2524 852 2573 τὸν
887 2523 1065 2591 στρατόν
1096 2524 1124 2571 i.
1143 2541 1184 2571 e.
1221 2524 1435 2571 ducebat
1467 2525 1707 2572 adversus

193 2603 386 2652 hostes:
418 2604 707 2667 imperfecto
740 2604 900 2667 ipsum
928 2605 1019 2652 iter
1040 2606 1181 2653 nobis
1201 2616 1616 2668 repraesentatur,
1643 2607 1707 2653 ad

193 2686 362 2733 hostes
400 2702 510 2733 esse
548 2695 843 2748 perventum
877 2702 1196 2750 nequaquam
1229 2686 1470 2734 indicatur
1502 2687 1706 2750 (aoristo

194 2766 276 2830 qui
314 2767 534 2830 sequitur
570 2767 838 2835 προσέμειξεν
878 2767 927 2814 id
965 2768 1217 2830 redditur).

264 2847 342 2894 Ex
372 2848 466 2895 hae
499 2847 860 2911 significatione
887 2849 1025 2897 verbi
1066 2846 1182 2916 ἄγειν
1215 2847 1556 2912 imperfectiva
1586 2848 1707 2896 deri-
