2119 3342
1078 178 1140 224 88

348 320 515 370 vanda
566 328 641 366 est
690 318 763 365 vis
814 316 1107 364 conativa
1159 333 1288 379 quae
1339 316 1444 379 ejus
1494 316 1633 363 verbi
1691 316 1859 363 formis

348 400 667 465 praesenticis
700 398 888 461 aliquot
920 397 1039 445 locis
1067 398 1207 445 inest.
1244 397 1396 444 Verbi
1429 396 1660 460 simplicis
1687 397 1862 459 imper-

348 483 531 530 fectum
565 482 657 528 hac
690 479 1050 544 significatione
1081 479 1358 542 praeditum
1388 495 1486 525 non
1508 478 1697 538 inveni3
1733 487 1859 541 part.

349 581 509 627 praes.
545 579 656 609 eam
690 562 789 609 vim
820 562 972 608 habet
1005 561 1051 607 in
1083 560 1192 607 1000
1227 560 1294 606 III
1332 565 1412 621 67,
1453 576 1477 620 3
1514 589 1581 594 —--
1608 555 1666 609 ὧν
1686 559 1864 625 πατέρες

349 648 387 695 οἱ
422 643 500 712 μὲν
539 644 640 712 πρὸς
671 643 787 710 ὑμᾶς
819 642 896 699 τὴν
931 646 1132 692 Βοιωτίαν
1165 638 1391 709 ἄγοντες
1422 640 1634 693 α’πέθανον
1657 641 1697 690 ἐν
1722 649 1865 707 Κορω-

348 730 437 794 νείᾳ
476 726 504 773 1.
529 743 571 773 0.
613 742 725 772 curn
764 725 823 771 id
861 734 1139 787 agerent
1177 733 1241 770 ut
1280 722 1540 770 Boeotiam
1580 722 1628 768 in
1667 731 1859 769 vestras

350 818 517 871 partes
548 806 876 869 perducerent
909 802 1156 872 (ἄγοντες
1189 834 1242 849 =
1273 803 1337 853 ὅτε
1367 798 1474 871 ἦγον
1506 833 1560 849 =
1591 804 1865 870 ἐνεχείρη-

350 909 450 940 σαν
490 887 726 955 α’γαγεῖν
767 886 903 950 quod
941 885 1121 949 legitur
1158 886 1277 932 VIII
1321 901 1401 945 24,
1445 886 1510 948 6).

422 969 700 1032 Compositi
751 966 989 1035 ἐνάγειν,
1043 967 1179 1030 quod
1230 966 1474 1030 significat
1538 965 1867 1026 „inducere

351 1051 554 1100 conari
593 1051 657 1098 ad
696 1048 932 1113 aliquid’',
973 1059 1165 1096 tanturn
1207 1048 1547 1111 praesenticae
1577 1047 1768 1094 formae
1801 1047 1867 1093 in-

350 1133 628 1181 veniuntur.
683 1131 1031 1194 Imperfectum
1071 1130 1252 1193 objecti
1291 1128 1401 1177 1000
1441 1146 1505 1176 re
1543 1129 1712 1176 addita
1750 1127 1868 1190 Iegi-

351 1225 449 1263 tur:
493 1214 511 1260 I
555 1217 636 1275 67,
682 1229 704 1259 2
752 1212 841 1274 (τὸν
880 1211 1110 1279 πόλεμον),
1147 1211 1191 1257 II
1237 1227 1316 1269 21,
1361 1226 1386 1271 3
1430 1209 1524 1273 (τὴν
1563 1208 1756 1273 ἔξοδον),
1798 1209 1868 1255 IV

361 1311 436 1358 15,
496 1311 518 1342 2
563 1294 659 1357 (τὴν
698 1293 963 1362 στρατείαν),
1004 1292 1072 1339 IV
1118 1309 1197 1353 24,
1243 1309 1266 1339 2
1309 1309 1370 1340 ex
1409 1292 1465 1339 iis
1504 1308 1633 1355 quae
1672 1308 1870 1355 praece-

353 1377 475 1424 dunt
513 1376 667 1423 verba
706 1375 778 1425 τὲν
816 1374 1023 1442 πόλεμον,
1063 1374 1178 1420 VIII
1223 1376 1302 1435 78,
1347 1391 1370 1420 2
1415 1373 1570 1421 verba
1607 1373 1653 1423 τὸ
1683 1374 1869 1424 διαναυ-

352 1464 515 1527 μαχεῖν
554 1455 833 1521 Supplenda
871 1466 1007 1516 sunt3
1047 1456 1335 1519 imperfecto
1375 1471 1644 1518 persona
1684 1454 1867 1519 obJecti

352 1540 464 1588 loco
518 1539 686 1587 addita
737 1549 812 1586 est
861 1538 1210 1585 tantummodo
1262 1537 1332 1584 IV
1387 1553 1465 1594 21,
1522 1553 1547 1598 3
1587 1534 1784 1604 μα’λιστα
1822 1535 1870 1586 δὲ

355 1618 511 1680 αὐτοὺς
549 1622 696 1688 ἐνῆγε
736 1620 900 1670 Κλέων.

428 1701 704 1765 Compositi
760 1699 997 1768 ἐποίγειν
1056 1700 1396 1764 imperfectum
1453 1709 1529 1747 est
1580 1698 1868 1746 conativum

355 1785 489 1832 hisce
526 1783 669 1831 locis:
712 1783 730 1829 I
779 1796 889 1844 107,
930 1799 962 1842 4
999 1783 1045 1832 τὸ
1084 1783 1138 1832 δέ
1164 1803 1201 1832 τι
1237 1785 1310 1832 καὶ
1341 1778 1493 1849 ἄνδρες
1522 1790 1604 1831 τῶν
1633 1777 1871 1839 Ἀθηναίων

356 1868 552 1933 ἐπῆγον
604 1862 759 1924 αὐτοὺς
810 1861 952 1933 κρύφα
1007 1863 1239 1924 „suchten
1291 1863 1370 1910 die
1416 1862 1578 1910 Lakk.
1620 1861 1868 1909 11011)οἰ211-

355 1946 557 1995 ziehen’'
618 1945 759 2009 (St.)3
818 1945 862 1991 II
923 1947 1002 2006 85,
1071 1962 1087 1991 1
1150 1947 1272 1995 πείθει
1325 1941 1481 2003 αὐτοὺς
1528 1944 1591 1994 ἐπὶ
1640 1945 1872 1993 Κυδωνίαν

354 2033 555 2080 πλεῦσαι·
606 2029 765 2094 ἐπῆγε
816 2025 863 2076 δὲ
901 2030 1180 2094 Πολιχνίταις
1218 2024 1535 2094 χαριζόμενοςε
1576 2026 1702 2091 ἐπῆγε
1741 2023 1872 2071 idem

357 2109 491 2158 valet
536 2108 671 2173 quod
717 2105 869 2158 ἔπειθεν
916 2105 1072 2167 αὐτοὺς
1119 2109 1248 2158 ἐκεῖσε
1298 2111 1492 2157 πλεῦσαι.
1535 2105 1690 2153 Medii
1729 2103 1874 2173 ἐποῖγε-

356 2195 453 2243 σθαι
502 2190 638 2254 impf.
691 2189 975 2237 conativum
1022 2188 1156 2235 hisce
1207 2186 1327 2235 locis
1366 2187 1598 2235 occurrit:
1642 2186 1711 2233 IV
1760 2202 1871 2248 110,

366 2289 383 2321 1
440 2270 560 2331 εὐθὺς
607 2268 818 2339 στρατεύει
856 2271 918 2321 ἐπὶ
957 2268 1339 2336 Τορώνην-καὶ
1378 2267 1507 2320 αὐτὸν
1547 2264 1700 2336 ἄνδρες
1738 2269 1874 2334 ὀλίγοι

359 2355 653 2421 ἐπήγοντο,
688 2355 844 2419 ἑτοῖμοι
877 2350 991 2411 ’ὄντες
1022 2350 1099 2406 τῆν
1133 2350 1254 2401 πόλιν
1285 2352 1562 2418 παραδοῦναι
1594 2348 1624 2398 i.
1647 2365 1690 2397 e.
1733 2364 1875 2410 „eum

358 2436 405 2482 in
444 2452 586 2482 suam
626 2434 798 2481 urbem
836 2432 1146 2480 introducere
1185 2430 1554 2492 conabantur''3
1596 2429 1716 2476 VIII
1759 2444 1803 2491 5,
1848 2443 1872 2490 5

361 2517 586 2583 ἐπήγετο
653 2516 738 2583 γὰρ
807 2518 881 2564 καὶ
938 2518 961 2563 0‘
1015 2513 1302 2581 Τισσαφέρνης
1357 2510 1455 2572 τοὺς
1511 2514 1876 2569 Πελοποννησίους

360 2602 454 2648 κτλ.
507 2596 642 2660 quod
691 2595 763 2643 Cl.
815 2605 948 2643 recte
987 2595 1134 2642 vertit
1181 2611 1261 2655 „er
1299 2593 1471 2641 suchte
1509 2592 1579 2640 sie
1619 2591 1710 2639 auf
1741 2591 1877 2639 seine

361 2679 496 2727 Seite
545 2696 602 2726 zu
653 2678 840 2734 ziehen,
881 2677 982 2724 sich
1022 2677 1109 2723 mit
1147 2676 1295 2723 ihnen
1333 2693 1391 2722 zu
1430 2672 1767 2733 verbinden'’3
1809 2672 1877 2719 sic

361 2777 513 2823 saepe
562 2769 859 2823 usurpantur
909 2758 1059 2805 etiam
1111 2757 1242 2805 infin.
1286 2773 1464 2820 praes,
1504 2753 1641 2803 velut
1682 2754 1749 2800 III
1792 2755 1873 2811 82,

371 2859 410 2901 1,
452 2852 500 2889 et
540 2852 665 2904 part.
707 2858 866 2904 praes.
907 2839 1044 2888 velut
1083 2840 1101 2886 I
1145 2857 1187 2900 3,
1235 2856 1277 2888 2.
