2119 3342
144 354 225 404 ραν
276 332 437 402 ἔμενον,
490 350 589 396 quo
634 330 745 380 loco
783 330 1021 379 aoristum
1060 346 1172 377 cum
1212 327 1453 376 Classeno
1489 322 1656 374 habeo

146 432 237 479 pro
287 415 560 479 ingressivo
607 414 730 476 („sie
777 413 959 460 kamen
1008 412 1082 458 ins
1133 409 1351 474 z‘ogern''
1405 407 1514 472 CL),
1556 424 1655 471 quo

147 497 398 560 respicitur
418 496 465 543 id
487 494 621 558 quod
641 494 894 557 praecedit
913 492 1095 540 ibidem
1124 492 1298 558 μέλλῃ
1318 512 1400 550 σις
1430 488 1654 557 ἐγένετο.

216 578 366 626 Verbi
423 579 712 645 πειρᾶσθαι
760 574 948 622 multae
986 573 1176 620 formae
1214 571 1571 636 praesenticae,
1607 569 1656 616 in

146 659 323 723 quibus
359 657 620 722 aliquoties
659 656 813 720 impf.,
852 664 1141 715 occurrunt3
1182 653 1280 701 ind.
1321 669 1423 700 aor.
1459 668 1557 699 non
1590 651 1656 698 in-

145 740 351 788 venitur.
404 739 566 787 Activi
618 738 800 806 (πειρᾶν)
850 735 1002 784 semel
1051 735 1150 783 ind.
1193 751 1294 782 aor.
1335 733 1544 782 occurrit
1583 731 1654 779 IV

154 837 264 881 102,
310 837 333 868 2
373 821 419 871 τὸ
457 820 505 871 δὲ
532 824 690 889 χωρίον
722 825 844 870 τοῦτο
877 847 945 853 ——
978 819 1221 885 ἐπείρασε
1254 814 1332 883 μὲν
1364 815 1559 883 πρότερον
1581 815 1656 864 καὶ

147 900 453 972 Ἀρισταγόρας
485 907 508 953 ὁ
538 903 750 962 Μιλήσιος
782 930 849 936 -
875 903 1132 957 κατοικίσαι,
1156 898 1237 946 ubi
1258 914 1358 945 aor.
1383 896 1482 944 vim
1504 896 1656 943 habet

146 983 383 1049 plqpfecti
422 983 608 1032 Latini:
656 993 891 1045 „conatus
930 979 1087 1030 erat'’.

217 1065 492 1129 Compositi
530 1064 936 1133 οἷναπειροῖσθαι
978 1080 1064 1122 „se
1102 1058 1364 1110 exercere”
1407 1058 1562 1122 (quod
1595 1058 1658 1105 de

146 1148 355 1196 navibus
380 1147 569 1211 dicitur)
603 1147 812 1194 aoristus
845 1145 1045 1194 omnino
1079 1160 1178 1191 non
1211 1141 1440 1201 occurrit3
1474 1138 1539 1187 nil
1569 1139 1657 1186 nisi

151 1245 174 1276 2
217 1229 352 1293 impf.
394 1239 443 1277 et
481 1227 633 1276 semel
673 1239 798 1292 part.
840 1244 999 1291 praes.
1041 1225 1287 1289 leguntur.

218 1311 370 1373 Quod
402 1311 608 1359 verbum
641 1313 859 1377 πειρᾶσθαι
893 1309 962 1372 (et
994 1323 1214 1370 compos,
1250 1305 1464 1374 α’ναπειρ.)
1497 1303 1658 1367 magis

146 1393 314 1441 formis
342 1392 660 1456 praesenticis
686 1408 836 1455 quam
857 1389 1096 1438 aoristicis
1116 1388 1266 1447 favet,
1289 1385 1657 1450 explanandum

146 1475 340 1523 videtur
370 1493 432 1524 ex
463 1475 571 1538 ipsa
603 1474 804 1522 notione
837 1489 966 1537 quae
999 1472 1124 1520 inest
1156 1471 1311 1519 verbo
1344 1467 1656 1527 tentandi,

148 1557 283 1620 quod
321 1557 506 1604 indicat
543 1555 757 1620 aliquem
797 1554 948 1602 anniti
988 1552 1291 1617 aliquamdiu
1324 1561 1376 1599 ut
1407 1550 1526 1614 quid
1558 1548 1657 1597 effi-

146 1639 312 1686 ciatur.
366 1639 537 1700 Quare
588 1638 763 1685 mirum
801 1653 901 1684 non
940 1646 1015 1684 est
1053 1632 1315 1697 compositi
1355 1632 1657 1700 α’ποπειροῖν

148 1721 314 1783 (-ο’ἷσΘαι
365 1720 433 1767 IV
490 1735 569 1781 24,
613 1721 662 1784 3)
700 1718 899 1782 saepius
938 1717 1173 1765 aoristum
1212 1730 1469 1764 occurrere
1507 1729 1657 1776 quam

147 1802 481 1865 praesenticas
517 1802 717 1860 formas,
759 1800 873 1864 quia
910 1799 958 1846 id
997 1797 1326 1862 compositum
1366 1795 1659 1859 plerumque

146 1884 391 1948 signifieat
419 1884 601 1946 „(certo
622 1882 860 1946 temporis
882 1881 1156 1943 momento)
1178 1878 1345 1941 aliquo
1367 1877 1472 1925 sive
1492 1874 1659 1939 aliqua

147 1982 202 2014 re
238 1965 495 2028 repentino
527 1965 714 2027 impetu
745 1963 890 2027 potiri
923 1960 1123 2010 conari”
1158 1960 1300 2024 („mit
1331 1959 1419 2007 der
1449 1957 1660 2008 Absicht

149 2048 236 2096 der
268 2047 546 2094 Einnahme
583 2046 703 2094 oder
738 2043 1122 2107 Unterwerfung
1154 2042 1296 2090 einen
1332 2039 1558 2088 Versueh
1578 2037 1667 2086 auf

148 2139 302 2178 etwas
351 2128 472 2177 oder
513 2127 783 2193 jemanden
822 2125 1066 2174 machen''
1109 2123 1181 2174 St.
1221 2123 1285 2171 ad
1344 2122 1414 2169 IV
1457 2137 1536 2182 24,
1581 2121 1657 2184 3)3

149 2210 246 2259 ind.
287 2227 390 2258 aor.
423 2208 603 2273 legitur
634 2207 982 2257 tantummodo
1016 2205 1083 2254 IV
1126 2220 1237 2267 135,
1281 2221 1297 2251 1
1338 2202 1660 2268 α’πεπείρασε

149 2291 197 2344 δὲ
227 2298 301 2343 τοῦ
332 2290 463 2343 αὐτοῦ
495 2301 705 2360 χειμῶνος
736 2294 810 2341 καὶ
844 2294 867 2340 ὁ
895 2290 1113 2358 Βρασίδας
1140 2317 1207 2323 --
1227 2288 1512 2347 Ποτειδαίαςε
1535 2284 1662 2333 Poti-

150 2374 330 2422 daeam
368 2391 430 2422 ex
467 2372 736 2436 improviso
776 2387 1067 2435 expugnare
1107 2369 1332 2418 tentavit.

220 2455 373 2503 Verbi
422 2451 739 2524 πορεύεσθαι
795 2453 915 2515 „iter
953 2451 1149 2501 facere’'
1190 2466 1434 2515 persaepe
1470 2449 1662 2497 formae

151 2537 506 2600 praesenficae,
559 2536 606 2583 in
647 2535 823 2600 quibus
861 2534 995 2598 impf.
1045 2536 1120 2593 18,
1162 2542 1450 2592 occurrunt3
1491 2540 1663 2578 contra

151 2620 375 2678 aoristus,
417 2618 552 2682 quod
585 2635 613 2665 e
647 2627 823 2665 natura
855 2617 962 2681 ejus
993 2615 1132 2663 verbi
1167 2613 1395 2661 durativa
1427 2611 1569 2660 facile
1596 2611 1664 2658 in-

150 2699 398 2763 telligitur,
439 2715 642 2763 perraro
681 2697 872 2762 legitur.
915 2696 1262 2760 Imperfectum
1301 2711 1453 2757 saepe
1492 2702 1567 2741 est
1599 2693 1664 2739 in-

152 2782 450 2841 cohativum‚
502 2779 638 2828 velut
679 2779 725 2826 V
768 2781 847 2840 58,
893 2795 916 2825 2
960 2783 982 2828 ο“
1019 2777 1066 2829 δὲ
1104 2775 1222 2845 Ἄγις
1259 2785 1334 2836 τῆς
1372 2775 1524 2834 νυκτὸς
1557 2773 1665 2824 οἷνα-

151 2864 314 2924 στήσας
361 2863 432 2913 τὸν
483 2862 661 2930 στρατὸν
712 2862 786 2912 καὶ
843 2858 985 2911 λαθὼν
1030 2855 1309 2927 ἐπορεύετο
1360 2858 1400 2917 ἐς
1438 2860 1667 2906 Φλειοῦντα

1519 2950 1536 2987 5
