<?xml version="1.0" encoding="UTF-8"?>
<!DOCTYPE html PUBLIC "-//W3C//DTD XHTML 1.0 Transitional//EN"
    "http://www.w3.org/TR/xhtml1/DTD/xhtml1-transitional.dtd">
<html xmlns="http://www.w3.org/1999/xhtml" xml:lang="en" lang="en">
 <head>
  <title>
</title>
<meta http-equiv="Content-Type" content="text/html;charset=utf-8" />
  <meta name='ocr-system' content='tesseract 3.04.00' />
  <meta name='ocr-capabilities' content='ocr_page ocr_carea ocr_par ocr_line ocrx_word'/>
</head>
<body>
  <div class='ocr_page' id='page_1' title='image "./deimperfectietao00hilluoft_0115.png"; bbox 0 0 2119 3342; ppageno 0'>
   <div class='ocr_carea' id='block_1_1' title="bbox 889 187 954 230">
    <p class='ocr_par' dir='ltr' id='par_1_1' title="bbox 889 187 954 230">
     <span class='ocr_line' id='line_1_1' title="bbox 889 187 954 230; baseline 0.015 -1"><span class='ocrx_word' id='word_1_1' title='bbox 889 187 954 230; x_wconf 87' lang='grc'><strong>99</strong></span> 
     </span>
    </p>
   </div>
   <div class='ocr_carea' id='block_1_2' title="bbox 187 305 1721 2904">
    <p class='ocr_par' dir='ltr' id='par_1_2' title="bbox 187 305 1709 1271">
     <span class='ocr_line' id='line_1_2' title="bbox 187 305 1702 382; baseline -0.005 -16"><span class='ocrx_word' id='word_1_2' title='bbox 187 313 285 376; x_wconf 82' lang='grc' dir='ltr'>τοὺς</span> <span class='ocrx_word' id='word_1_3' title='bbox 314 319 491 375; x_wconf 76' lang='grc' dir='ltr'>ὁπλίτας</span> <span class='ocrx_word' id='word_1_4' title='bbox 519 344 587 350; x_wconf 88' lang='lat'>—</span> <span class='ocrx_word' id='word_1_5' title='bbox 617 312 738 374; x_wconf 77' lang='grc' dir='ltr'>εὐθὺς</span> <span class='ocrx_word' id='word_1_6' title='bbox 776 312 963 382; x_wconf 75' lang='grc' dir='ltr'>ἐχώρησε</span> <span class='ocrx_word' id='word_1_7' title='bbox 1003 315 1077 363; x_wconf 84' lang='grc' dir='ltr'><strong>καὶ</strong></span> <span class='ocrx_word' id='word_1_8' title='bbox 1107 340 1176 347; x_wconf 90' lang='lat'>—</span> <span class='ocrx_word' id='word_1_9' title='bbox 1205 311 1492 362; x_wconf 82' lang='grc' dir='ltr'>ἐκέλευσεν</span> <span class='ocrx_word' id='word_1_10' title='bbox 1531 305 1702 368; x_wconf 74' lang='grc' dir='ltr'>αὐτούς,</span> 
     </span>
     <span class='ocr_line' id='line_1_3' title="bbox 189 388 1703 464; baseline -0.006 -17"><span class='ocrx_word' id='word_1_11' title='bbox 189 399 337 457; x_wconf 80' lang='grc' dir='ltr'>δείξας</span> <span class='ocrx_word' id='word_1_12' title='bbox 382 418 418 446; x_wconf 92' lang='grc' dir='ltr'><strong>τι</strong></span> <span class='ocrx_word' id='word_1_13' title='bbox 468 400 644 464; x_wconf 81' lang='grc' dir='ltr'><em>χωρίον,</em></span> <span class='ocrx_word' id='word_1_14' title='bbox 693 394 885 446; x_wconf 81' lang='grc' dir='ltr'>α’πελθεῖν</span> <span class='ocrx_word' id='word_1_15' title='bbox 936 395 976 453; x_wconf 86' lang='grc' dir='ltr'><strong>ἐς</strong></span> <span class='ocrx_word' id='word_1_16' title='bbox 1027 391 1131 443; x_wconf 65' lang='grc' dir='ltr'><strong>αὐτὸ</strong></span> <span class='ocrx_word' id='word_1_17' title='bbox 1170 388 1269 443; x_wconf 73' lang='grc' dir='ltr'>ἄνευ·</span> <span class='ocrx_word' id='word_1_18' title='bbox 1308 400 1390 441; x_wconf 78' lang='grc' dir='ltr'>τῶν</span> <span class='ocrx_word' id='word_1_19' title='bbox 1430 390 1587 441; x_wconf 72' lang='grc' dir='ltr'>ὅπλων.</span> <span class='ocrx_word' id='word_1_20' title='bbox 1629 392 1703 438; x_wconf 82' lang='grc' dir='ltr'><strong>καὶ</strong></span> 
     </span>
     <span class='ocr_line' id='line_1_4' title="bbox 190 472 1705 545; baseline -0.007 -17"><span class='ocrx_word' id='word_1_21' title='bbox 190 481 228 528; x_wconf 84' lang='grc' dir='ltr'><strong>οἱ</strong></span> <span class='ocrx_word' id='word_1_22' title='bbox 277 477 356 545; x_wconf 79' lang='grc' dir='ltr'>μὲν</span> <span class='ocrx_word' id='word_1_23' title='bbox 408 475 694 545; x_wconf 72' lang='grc' dir='ltr'>α’πεχῶρησαν</span> <span class='ocrx_word' id='word_1_24' title='bbox 745 479 865 525; x_wconf 81' lang='grc' dir='ltr'>κτλ.;</span> <span class='ocrx_word' id='word_1_25' title='bbox 928 474 1141 536; x_wconf 85' lang='lat' dir='ltr'><strong>Hippias</strong></span> <span class='ocrx_word' id='word_1_26' title='bbox 1198 473 1386 535; x_wconf 89' lang='lat' dir='ltr'><strong>optimo</strong></span> <span class='ocrx_word' id='word_1_27' title='bbox 1429 472 1538 535; x_wconf 84' lang='lat' dir='ltr'><strong>jure</strong></span> <span class='ocrx_word' id='word_1_28' title='bbox 1588 486 1705 517; x_wconf 83' lang='lat' dir='ltr'><strong>suos</strong></span> 
     </span>
     <span class='ocr_line' id='line_1_5' title="bbox 191 551 1705 622; baseline -0.007 -15"><span class='ocrx_word' id='word_1_29' title='bbox 191 559 328 607; x_wconf 89' lang='lat' dir='ltr'><strong>abire</strong></span> <span class='ocrx_word' id='word_1_30' title='bbox 361 559 518 622; x_wconf 89' lang='lat' dir='ltr'><strong>jubet,</strong></span> <span class='ocrx_word' id='word_1_31' title='bbox 561 556 696 620; x_wconf 89' lang='lat' dir='ltr'><strong>quod</strong></span> <span class='ocrx_word' id='word_1_32' title='bbox 734 556 763 603; x_wconf 91' lang='lat' dir='ltr'><strong>ii</strong></span> <span class='ocrx_word' id='word_1_33' title='bbox 803 555 1037 602; x_wconf 88' lang='lat' dir='ltr'><strong>continuo</strong></span> <span class='ocrx_word' id='word_1_34' title='bbox 1077 554 1287 613; x_wconf 81' lang='lat' dir='ltr'><strong>faciunt3</strong></span> <span class='ocrx_word' id='word_1_35' title='bbox 1334 553 1513 600; x_wconf 86' lang='lat' dir='ltr'><strong>eodem</strong></span> <span class='ocrx_word' id='word_1_36' title='bbox 1554 551 1705 598; x_wconf 87' lang='lat' dir='ltr'><strong>modo</strong></span> 
     </span>
     <span class='ocr_line' id='line_1_6' title="bbox 191 632 1706 705; baseline -0.005 -18"><span class='ocrx_word' id='word_1_37' title='bbox 191 640 261 687; x_wconf 91' lang='lat' dir='ltr'><strong>VI</strong></span> <span class='ocrx_word' id='word_1_38' title='bbox 310 655 419 699; x_wconf 82' lang='lat'>102,</span> <span class='ocrx_word' id='word_1_39' title='bbox 465 655 488 685; x_wconf 89' lang='lat'>2</span> <span class='ocrx_word' id='word_1_40' title='bbox 530 634 608 698; x_wconf 73' lang='grc' dir='ltr'><strong>τὰς</strong></span> <span class='ocrx_word' id='word_1_41' title='bbox 645 634 730 705; x_wconf 70' lang='grc' dir='ltr'><strong>’γὰρ</strong></span> <span class='ocrx_word' id='word_1_42' title='bbox 767 632 981 705; x_wconf 71' lang='grc' dir='ltr'>μηχανὰς</span> <span class='ocrx_word' id='word_1_43' title='bbox 1019 636 1094 686; x_wconf 85' lang='grc' dir='ltr'><strong>καὶ</strong></span> <span class='ocrx_word' id='word_1_44' title='bbox 1135 632 1249 695; x_wconf 69' lang='grc' dir='ltr'>ξύλα</span> <span class='ocrx_word' id='word_1_45' title='bbox 1287 633 1368 685; x_wconf 71' lang='grc' dir='ltr'><strong>ὅσα</strong></span> <span class='ocrx_word' id='word_1_46' title='bbox 1405 633 1482 701; x_wconf 70' lang='grc' dir='ltr'><strong>πρὸ</strong></span> <span class='ocrx_word' id='word_1_47' title='bbox 1519 638 1593 682; x_wconf 77' lang='grc' dir='ltr'><strong>τοῦ</strong></span> <span class='ocrx_word' id='word_1_48' title='bbox 1631 634 1706 681; x_wconf 87' lang='grc' dir='ltr'>τεί-</span> 
     </span>
     <span class='ocr_line' id='line_1_7' title="bbox 191 713 1708 790; baseline -0.007 -18"><span class='ocrx_word' id='word_1_49' title='bbox 191 741 301 790; x_wconf 78' lang='grc' dir='ltr'>χους</span> <span class='ocrx_word' id='word_1_50' title='bbox 347 715 399 775; x_wconf 59' lang='grc' dir='ltr'>ἦν</span> <span class='ocrx_word' id='word_1_51' title='bbox 440 718 830 787; x_wconf 80' lang='grc' dir='ltr'>καταβεβλημένα,</span> <span class='ocrx_word' id='word_1_52' title='bbox 870 718 1082 785; x_wconf 73' lang='grc' dir='ltr'>ἐμπρῆσαι</span> <span class='ocrx_word' id='word_1_53' title='bbox 1119 713 1218 775; x_wconf 79' lang='grc' dir='ltr'>τοὺς</span> <span class='ocrx_word' id='word_1_54' title='bbox 1255 714 1466 782; x_wconf 76' lang='grc' dir='ltr'>ὑπηρέτας</span> <span class='ocrx_word' id='word_1_55' title='bbox 1504 713 1708 763; x_wconf 81' lang='grc' dir='ltr'>ἐκέλευ-</span> 
     </span>
     <span class='ocr_line' id='line_1_8' title="bbox 191 793 1707 862; baseline -0.008 -10"><span class='ocrx_word' id='word_1_56' title='bbox 191 823 280 854; x_wconf 90' lang='grc' dir='ltr'><strong>σεν</strong></span> <span class='ocrx_word' id='word_1_57' title='bbox 331 801 542 849; x_wconf 80' lang='lat' dir='ltr'><strong>aoristus</strong></span> <span class='ocrx_word' id='word_1_58' title='bbox 592 809 855 862; x_wconf 86' lang='lat' dir='ltr'><strong>usurpatur</strong></span> <span class='ocrx_word' id='word_1_59' title='bbox 893 799 956 845; x_wconf 89' lang='lat' dir='ltr'><strong>de</strong></span> <span class='ocrx_word' id='word_1_60' title='bbox 993 807 1227 860; x_wconf 86' lang='lat' dir='ltr'><strong>praetore</strong></span> <span class='ocrx_word' id='word_1_61' title='bbox 1266 795 1448 859; x_wconf 84' lang='lat' dir='ltr'><strong>(Nicia)</strong></span> <span class='ocrx_word' id='word_1_62' title='bbox 1487 794 1585 841; x_wconf 84' lang='lat' dir='ltr'><strong>suis</strong></span> <span class='ocrx_word' id='word_1_63' title='bbox 1623 793 1707 840; x_wconf 87' lang='lat' dir='ltr'><strong>im-</strong></span> 
     </span>
     <span class='ocr_line' id='line_1_9' title="bbox 194 875 1707 948; baseline -0.007 -16"><span class='ocrx_word' id='word_1_64' title='bbox 194 883 399 948; x_wconf 87' lang='lat' dir='ltr'><strong>peranti.</strong></span> <span class='ocrx_word' id='word_1_65' title='bbox 437 883 622 931; x_wconf 89' lang='lat' dir='ltr'><strong>Forma</strong></span> <span class='ocrx_word' id='word_1_66' title='bbox 656 879 856 945; x_wconf 83' lang='lat' dir='ltr'><strong>pluralis</strong></span> <span class='ocrx_word' id='word_1_67' title='bbox 887 879 1128 944; x_wconf 85' lang='lat' dir='ltr'><strong>reperitur</strong></span> <span class='ocrx_word' id='word_1_68' title='bbox 1157 876 1505 926; x_wconf 89' lang='lat' dir='ltr'><strong>tantummodo</strong></span> <span class='ocrx_word' id='word_1_69' title='bbox 1541 875 1608 923; x_wconf 93' lang='grc' dir='ltr'><strong>ΙΙΙ</strong></span> <span class='ocrx_word' id='word_1_70' title='bbox 1643 878 1707 922; x_wconf 82' lang='grc'><strong>60</strong></span> 
     </span>
     <span class='ocr_line' id='line_1_10' title="bbox 194 955 1708 1034; baseline -0.007 -18"><span class='ocrx_word' id='word_1_71' title='bbox 194 968 233 1016; x_wconf 85' lang='grc' dir='ltr'><strong>οἱ</strong></span> <span class='ocrx_word' id='word_1_72' title='bbox 270 964 317 1016; x_wconf 80' lang='grc' dir='ltr'><strong>δὲ</strong></span> <span class='ocrx_word' id='word_1_73' title='bbox 357 968 547 1034; x_wconf 82' lang='grc' dir='ltr'>Θηβαῖοι</span> <span class='ocrx_word' id='word_1_74' title='bbox 585 992 652 999; x_wconf 89' lang='lat'>—</span> <span class='ocrx_word' id='word_1_75' title='bbox 689 962 985 1032; x_wconf 77' lang='grc' dir='ltr'>προσελθόντες</span> <span class='ocrx_word' id='word_1_76' title='bbox 1023 959 1185 1029; x_wconf 73' lang='grc' dir='ltr'>ἔφασαν</span> <span class='ocrx_word' id='word_1_77' title='bbox 1225 964 1298 1010; x_wconf 78' lang='grc' dir='ltr'><strong>καὶ</strong></span> <span class='ocrx_word' id='word_1_78' title='bbox 1329 957 1448 1009; x_wconf 70' lang='grc' dir='ltr'>αὐτοὶ</span> <span class='ocrx_word' id='word_1_79' title='bbox 1477 955 1708 1026; x_wconf 64' lang='grc' dir='ltr'>βούλεσθαι</span> 
     </span>
     <span class='ocr_line' id='line_1_11' title="bbox 195 1038 1707 1106; baseline -0.009 -9"><span class='ocrx_word' id='word_1_80' title='bbox 195 1050 316 1098; x_wconf 85' lang='grc' dir='ltr'>εἰπεῖν</span> <span class='ocrx_word' id='word_1_81' title='bbox 350 1075 443 1096; x_wconf 87' lang='lat'><strong>—.</strong></span> <span class='ocrx_word' id='word_1_82' title='bbox 483 1049 540 1106; x_wconf 84' lang='grc' dir='ltr'><strong>ὡς</strong></span> <span class='ocrx_word' id='word_1_83' title='bbox 570 1043 611 1096; x_wconf 88' lang='grc' dir='ltr'><strong>δ’</strong></span> <span class='ocrx_word' id='word_1_84' title='bbox 649 1045 944 1096; x_wconf 82' lang='grc' dir='ltr'>ἐκέλευσαν</span> <span class='ocrx_word' id='word_1_85' title='bbox 979 1044 1063 1106; x_wconf 83' lang='lat' dir='ltr'><strong>(se.</strong></span> <span class='ocrx_word' id='word_1_86' title='bbox 1088 1042 1281 1106; x_wconf 83' lang='lat' dir='ltr'><strong>judices</strong></span> <span class='ocrx_word' id='word_1_87' title='bbox 1305 1038 1707 1099; x_wconf 87' lang='lat' dir='ltr'><strong>Lacedaemonii)</strong></span> 
     </span>
     <span class='ocr_line' id='line_1_12' title="bbox 194 1121 1709 1195; baseline -0.009 -16"><span class='ocrx_word' id='word_1_88' title='bbox 194 1126 340 1195; x_wconf 76' lang='grc' dir='ltr'>ἔλεγον</span> <span class='ocrx_word' id='word_1_89' title='bbox 376 1125 545 1178; x_wconf 76' lang='grc' dir='ltr'>τοιοίδεε</span> <span class='ocrx_word' id='word_1_90' title='bbox 588 1143 690 1175; x_wconf 89' lang='lat' dir='ltr'><strong>aor.</strong></span> <span class='ocrx_word' id='word_1_91' title='bbox 731 1136 849 1189; x_wconf 88' lang='lat' dir='ltr'><strong>apte</strong></span> <span class='ocrx_word' id='word_1_92' title='bbox 878 1124 1140 1172; x_wconf 80' lang='lat' dir='ltr'>adhibetur</span> <span class='ocrx_word' id='word_1_93' title='bbox 1173 1123 1236 1170; x_wconf 92' lang='lat' dir='ltr'><strong>de</strong></span> <span class='ocrx_word' id='word_1_94' title='bbox 1263 1121 1510 1187; x_wconf 83' lang='lat' dir='ltr'><strong>judicibus</strong></span> <span class='ocrx_word' id='word_1_95' title='bbox 1545 1130 1709 1183; x_wconf 81' lang='lat' dir='ltr'><strong>potes-</strong></span> 
     </span>
     <span class='ocr_line' id='line_1_13' title="bbox 194 1201 1617 1271; baseline -0.006 -14"><span class='ocrx_word' id='word_1_96' title='bbox 194 1219 350 1257; x_wconf 84' lang='lat' dir='ltr'><strong>tatem</strong></span> <span class='ocrx_word' id='word_1_97' title='bbox 387 1207 623 1271; x_wconf 89' lang='lat' dir='ltr'><strong>loquendi</strong></span> <span class='ocrx_word' id='word_1_98' title='bbox 659 1207 715 1254; x_wconf 88' lang='lat' dir='ltr'><strong>iis</strong></span> <span class='ocrx_word' id='word_1_99' title='bbox 748 1207 831 1270; x_wconf 89' lang='lat' dir='ltr'><strong>qui</strong></span> <span class='ocrx_word' id='word_1_100' title='bbox 869 1222 1070 1253; x_wconf 83' lang='lat' dir='ltr'><strong>causam</strong></span> <span class='ocrx_word' id='word_1_101' title='bbox 1106 1204 1273 1251; x_wconf 89' lang='lat' dir='ltr'><strong>dicunt</strong></span> <span class='ocrx_word' id='word_1_102' title='bbox 1311 1201 1617 1250; x_wconf 78' lang='lat' dir='ltr'><strong>facientibus.</strong></span> 
     </span>
    </p>

    <p class='ocr_par' dir='ltr' id='par_1_3' title="bbox 197 1284 1712 1518">
     <span class='ocr_line' id='line_1_14' title="bbox 270 1284 1709 1347; baseline -0.003 -9"><span class='ocrx_word' id='word_1_103' title='bbox 270 1290 424 1338; x_wconf 81' lang='lat' dir='ltr'><strong>Hisce</strong></span> <span class='ocrx_word' id='word_1_104' title='bbox 471 1289 665 1338; x_wconf 85' lang='lat' dir='ltr'><strong>duobus</strong></span> <span class='ocrx_word' id='word_1_105' title='bbox 715 1287 833 1336; x_wconf 86' lang='lat' dir='ltr'><strong>locis</strong></span> <span class='ocrx_word' id='word_1_106' title='bbox 882 1287 1078 1335; x_wconf 84' lang='lat' dir='ltr'><strong>codices</strong></span> <span class='ocrx_word' id='word_1_107' title='bbox 1127 1285 1321 1333; x_wconf 87' lang='lat' dir='ltr'><strong>variant</strong></span> <span class='ocrx_word' id='word_1_108' title='bbox 1372 1284 1603 1347; x_wconf 78' lang='grc' dir='ltr'>(ἐκέλευε</span> <span class='ocrx_word' id='word_1_109' title='bbox 1641 1311 1709 1317; x_wconf 88' lang='lat'><strong>—-</strong></span> 
     </span>
     <span class='ocr_line' id='line_1_15' title="bbox 197 1365 1712 1435; baseline -0.007 -11"><span class='ocrx_word' id='word_1_110' title='bbox 197 1373 481 1435; x_wconf 72' lang='grc' dir='ltr'>ἐκέλευσε),</span> <span class='ocrx_word' id='word_1_111' title='bbox 513 1371 690 1435; x_wconf 86' lang='lat' dir='ltr'><strong>quibus</strong></span> <span class='ocrx_word' id='word_1_112' title='bbox 723 1380 831 1418; x_wconf 89' lang='lat' dir='ltr'><strong>utra</strong></span> <span class='ocrx_word' id='word_1_113' title='bbox 867 1367 1012 1416; x_wconf 87' lang='lat' dir='ltr'><strong>lectio</strong></span> <span class='ocrx_word' id='word_1_114' title='bbox 1046 1366 1278 1431; x_wconf 80' lang='lat' dir='ltr'><strong>eligenda</strong></span> <span class='ocrx_word' id='word_1_115' title='bbox 1310 1366 1370 1414; x_wconf 83' lang='lat' dir='ltr'><strong>Sit</strong></span> <span class='ocrx_word' id='word_1_116' title='bbox 1404 1383 1465 1413; x_wconf 83' lang='lat' dir='ltr'><strong>ex</strong></span> <span class='ocrx_word' id='word_1_117' title='bbox 1497 1365 1551 1413; x_wconf 82' lang='lat' dir='ltr'><strong>iis</strong></span> <span class='ocrx_word' id='word_1_118' title='bbox 1581 1380 1712 1427; x_wconf 84' lang='lat' dir='ltr'><strong>quae</strong></span> 
     </span>
     <span class='ocr_line' id='line_1_16' title="bbox 197 1449 1182 1518; baseline -0.005 -17"><span class='ocrx_word' id='word_1_119' title='bbox 197 1471 347 1518; x_wconf 85' lang='lat' dir='ltr'><strong>supra</strong></span> <span class='ocrx_word' id='word_1_120' title='bbox 386 1453 595 1500; x_wconf 84' lang='lat' dir='ltr'><strong>diximus</strong></span> <span class='ocrx_word' id='word_1_121' title='bbox 633 1451 829 1500; x_wconf 88' lang='lat' dir='ltr'><strong>efficere</strong></span> <span class='ocrx_word' id='word_1_122' title='bbox 868 1449 1182 1498; x_wconf 79' lang='lat' dir='ltr'><strong>conabimur:</strong></span> 
     </span>
    </p>

    <p class='ocr_par' dir='ltr' id='par_1_4' title="bbox 199 1525 1721 2904">
     <span class='ocr_line' id='line_1_17' title="bbox 270 1525 1713 1601; baseline -0.004 -18"><span class='ocrx_word' id='word_1_123' title='bbox 270 1534 341 1583; x_wconf 89' lang='lat' dir='ltr'><strong>IV</strong></span> <span class='ocrx_word' id='word_1_124' title='bbox 398 1551 508 1595; x_wconf 84' lang='lat'>114,</span> <span class='ocrx_word' id='word_1_125' title='bbox 569 1550 587 1581; x_wconf 90' lang='lat'>1</span> <span class='ocrx_word' id='word_1_126' title='bbox 644 1538 668 1583; x_wconf 74' lang='grc' dir='ltr'><em>ὁ</em></span> <span class='ocrx_word' id='word_1_127' title='bbox 706 1534 923 1601; x_wconf 84' lang='grc' dir='ltr'>Βρασίδας</span> <span class='ocrx_word' id='word_1_128' title='bbox 959 1537 1046 1591; x_wconf 87' lang='grc' dir='ltr'>τοῖς</span> <span class='ocrx_word' id='word_1_129' title='bbox 1083 1529 1161 1598; x_wconf 81' lang='grc' dir='ltr'>μὲν</span> <span class='ocrx_word' id='word_1_130' title='bbox 1200 1526 1310 1598; x_wconf 72' lang='grc' dir='ltr'>μετὰ</span> <span class='ocrx_word' id='word_1_131' title='bbox 1354 1538 1436 1579; x_wconf 81' lang='grc' dir='ltr'>τῶν</span> <span class='ocrx_word' id='word_1_132' title='bbox 1474 1525 1713 1586; x_wconf 81' lang='grc' dir='ltr'>Ἀθηναίων</span> 
     </span>
     <span class='ocr_line' id='line_1_18' title="bbox 199 1610 1714 1687; baseline -0.007 -19"><span class='ocrx_word' id='word_1_133' title='bbox 199 1621 453 1687; x_wconf 86' lang='grc' dir='ltr'>Τορωναίοις</span> <span class='ocrx_word' id='word_1_134' title='bbox 494 1613 831 1682; x_wconf 69' lang='grc' dir='ltr'>καταπεφενγᾶσι</span> <span class='ocrx_word' id='word_1_135' title='bbox 871 1615 1138 1681; x_wconf 68' lang='grc' dir='ltr'>κήρυγμα</span> <span class='ocrx_word' id='word_1_136' title='bbox 1177 1612 1473 1666; x_wconf 71' lang='grc' dir='ltr'>ἐποιήσατο</span> <span class='ocrx_word' id='word_1_137' title='bbox 1510 1610 1580 1659; x_wconf 64' lang='grc' dir='ltr'>τᾶν</span> <span class='ocrx_word' id='word_1_138' title='bbox 1614 1613 1714 1678; x_wconf 78' lang='grc' dir='ltr'>βου-</span> 
     </span>
     <span class='ocr_line' id='line_1_19' title="bbox 200 1689 1715 1766; baseline -0.006 -17"><span class='ocrx_word' id='word_1_139' title='bbox 200 1698 378 1766; x_wconf 70' lang='grc' dir='ltr'>λόμενον</span> <span class='ocrx_word' id='word_1_140' title='bbox 426 1699 489 1749; x_wconf 83' lang='grc' dir='ltr'>ε’πὶ</span> <span class='ocrx_word' id='word_1_141' title='bbox 538 1693 592 1748; x_wconf 72' lang='grc' dir='ltr'><strong>τοὶ</strong></span> <span class='ocrx_word' id='word_1_142' title='bbox 640 1700 791 1747; x_wconf 75' lang='grc' dir='ltr'>ἑαυτοῦ</span> <span class='ocrx_word' id='word_1_143' title='bbox 824 1694 1048 1746; x_wconf 72' lang='grc' dir='ltr'>ἐσελθόντα</span> <span class='ocrx_word' id='word_1_144' title='bbox 1086 1693 1224 1754; x_wconf 67' lang='grc' dir='ltr'>ἀδεῶς</span> <span class='ocrx_word' id='word_1_145' title='bbox 1261 1689 1505 1752; x_wconf 72' lang='grc' dir='ltr'>πολιτεύειν,</span> <span class='ocrx_word' id='word_1_146' title='bbox 1543 1697 1631 1751; x_wconf 83' lang='grc' dir='ltr'>τοῖς</span> <span class='ocrx_word' id='word_1_147' title='bbox 1668 1689 1715 1741; x_wconf 80' lang='grc' dir='ltr'><strong>δὲ</strong></span> 
     </span>
     <span class='ocr_line' id='line_1_20' title="bbox 201 1774 1715 1847; baseline -0.007 -16"><span class='ocrx_word' id='word_1_148' title='bbox 201 1777 436 1839; x_wconf 84' lang='grc' dir='ltr'>Ἀθηναίοις</span> <span class='ocrx_word' id='word_1_149' title='bbox 482 1780 655 1847; x_wconf 67' lang='grc' dir='ltr'>κήρυκα</span> <span class='ocrx_word' id='word_1_150' title='bbox 702 1776 982 1846; x_wconf 77' lang='grc' dir='ltr'>προσπέμψας</span> <span class='ocrx_word' id='word_1_151' title='bbox 1029 1775 1183 1836; x_wconf 79' lang='grc' dir='ltr'>ἐξιέναι</span> <span class='ocrx_word' id='word_1_152' title='bbox 1232 1774 1478 1824; x_wconf 79' lang='grc' dir='ltr'>ἐκέλευεν</span> <span class='ocrx_word' id='word_1_153' title='bbox 1538 1774 1584 1822; x_wconf 82' lang='grc' dir='ltr'><strong>ἐκ</strong></span> <span class='ocrx_word' id='word_1_154' title='bbox 1639 1781 1715 1832; x_wconf 72' lang='grc' dir='ltr'><strong>τῆς</strong></span> 
     </span>
     <span class='ocr_line' id='line_1_21' title="bbox 200 1850 1716 1923; baseline -0.006 -11"><span class='ocrx_word' id='word_1_155' title='bbox 200 1858 406 1920; x_wconf 70' lang='grc' dir='ltr'>Ληκῦθου</span> <span class='ocrx_word' id='word_1_156' title='bbox 454 1859 747 1918; x_wconf 73' lang='grc' dir='ltr'>ὑποσπόνδους</span> <span class='ocrx_word' id='word_1_157' title='bbox 797 1862 872 1908; x_wconf 82' lang='grc' dir='ltr'><strong>καὶ</strong></span> <span class='ocrx_word' id='word_1_158' title='bbox 918 1855 972 1908; x_wconf 74' lang='grc' dir='ltr'><strong>τὰ</strong></span> <span class='ocrx_word' id='word_1_159' title='bbox 1019 1861 1181 1907; x_wconf 72' lang='grc' dir='ltr'>ἑαυτῶν</span> <span class='ocrx_word' id='word_1_160' title='bbox 1238 1853 1419 1923; x_wconf 77' lang='grc' dir='ltr'>ἔχοντας</span> <span class='ocrx_word' id='word_1_161' title='bbox 1475 1857 1532 1914; x_wconf 85' lang='grc' dir='ltr'><strong>ὡς</strong></span> <span class='ocrx_word' id='word_1_162' title='bbox 1587 1850 1716 1913; x_wconf 73' lang='grc' dir='ltr'>οὔσης</span> 
     </span>
     <span class='ocr_line' id='line_1_22' title="bbox 201 1935 1713 1998; baseline -0.01 -3"><span class='ocrx_word' id='word_1_163' title='bbox 201 1942 473 1995; x_wconf 85' lang='grc' dir='ltr'>Χαλκιδέων.</span> <span class='ocrx_word' id='word_1_164' title='bbox 530 1940 644 1988; x_wconf 90' lang='lat' dir='ltr'><strong>Hoc</strong></span> <span class='ocrx_word' id='word_1_165' title='bbox 693 1939 804 1987; x_wconf 90' lang='lat' dir='ltr'><strong>loco</strong></span> <span class='ocrx_word' id='word_1_166' title='bbox 844 1938 988 1986; x_wconf 90' lang='lat' dir='ltr'><strong>codd.</strong></span> <span class='ocrx_word' id='word_1_167' title='bbox 1031 1937 1071 1984; x_wconf 91' lang='lat' dir='ltr'>C</span> <span class='ocrx_word' id='word_1_168' title='bbox 1095 1937 1136 1984; x_wconf 84' lang='lat' dir='ltr'><strong>E</strong></span> <span class='ocrx_word' id='word_1_169' title='bbox 1161 1936 1207 1984; x_wconf 88' lang='lat' dir='ltr'>G</span> <span class='ocrx_word' id='word_1_170' title='bbox 1230 1937 1284 1982; x_wconf 91' lang='lat' dir='ltr'>M</span> <span class='ocrx_word' id='word_1_171' title='bbox 1324 1935 1560 1983; x_wconf 81' lang='lat' dir='ltr'><strong>exhibent</strong></span> <span class='ocrx_word' id='word_1_172' title='bbox 1596 1935 1713 1998; x_wconf 89' lang='lat' dir='ltr'><strong>imp-</strong></span> 
     </span>
     <span class='ocr_line' id='line_1_23' title="bbox 201 2016 1714 2082; baseline -0.007 -9"><span class='ocrx_word' id='word_1_173' title='bbox 201 2026 385 2073; x_wconf 89' lang='lat' dir='ltr'><strong>fectum</strong></span> <span class='ocrx_word' id='word_1_174' title='bbox 424 2023 629 2074; x_wconf 75' lang='grc' dir='ltr'>ἐκέλευεν</span> <span class='ocrx_word' id='word_1_175' title='bbox 669 2032 717 2070; x_wconf 92' lang='lat' dir='ltr'><strong>et</strong></span> <span class='ocrx_word' id='word_1_176' title='bbox 754 2021 822 2068; x_wconf 89' lang='lat' dir='ltr'><strong>ita</strong></span> <span class='ocrx_word' id='word_1_177' title='bbox 864 2019 1059 2067; x_wconf 79' lang='lat' dir='ltr'><strong>Hudius</strong></span> <span class='ocrx_word' id='word_1_178' title='bbox 1088 2018 1233 2082; x_wconf 80' lang='lat' dir='ltr'><strong>legit3</strong></span> <span class='ocrx_word' id='word_1_179' title='bbox 1265 2018 1353 2065; x_wconf 85' lang='lat' dir='ltr'><strong>sed</strong></span> <span class='ocrx_word' id='word_1_180' title='bbox 1383 2017 1528 2064; x_wconf 90' lang='lat' dir='ltr'><strong>codd.</strong></span> <span class='ocrx_word' id='word_1_181' title='bbox 1561 2016 1714 2064; x_wconf 81' lang='lat' dir='ltr'><strong>ABF</strong></span> 
     </span>
     <span class='ocr_line' id='line_1_24' title="bbox 203 2097 1716 2171; baseline -0.008 -16"><span class='ocrx_word' id='word_1_182' title='bbox 203 2107 445 2171; x_wconf 82' lang='lat' dir='ltr'><strong>praebent</strong></span> <span class='ocrx_word' id='word_1_183' title='bbox 494 2104 730 2152; x_wconf 83' lang='lat' dir='ltr'><strong>aoristum</strong></span> <span class='ocrx_word' id='word_1_184' title='bbox 782 2103 1022 2152; x_wconf 83' lang='grc' dir='ltr'>ἐκέλευσεν</span> <span class='ocrx_word' id='word_1_185' title='bbox 1071 2111 1120 2148; x_wconf 91' lang='lat' dir='ltr'><strong>et</strong></span> <span class='ocrx_word' id='word_1_186' title='bbox 1168 2099 1236 2146; x_wconf 85' lang='lat' dir='ltr'><strong>sic</strong></span> <span class='ocrx_word' id='word_1_187' title='bbox 1275 2098 1427 2146; x_wconf 87' lang='lat' dir='ltr'><strong>edidit</strong></span> <span class='ocrx_word' id='word_1_188' title='bbox 1464 2097 1716 2160; x_wconf 82' lang='lat' dir='ltr'><strong>Steupius‚</strong></span> 
     </span>
     <span class='ocr_line' id='line_1_25' title="bbox 205 2178 1716 2252; baseline -0.008 -16"><span class='ocrx_word' id='word_1_189' title='bbox 205 2188 287 2252; x_wconf 89' lang='lat' dir='ltr'><strong>qui</strong></span> <span class='ocrx_word' id='word_1_190' title='bbox 327 2196 536 2235; x_wconf 88' lang='lat' dir='ltr'><strong>annotat</strong></span> <span class='ocrx_word' id='word_1_191' title='bbox 574 2186 726 2233; x_wconf 90' lang='lat' dir='ltr'><strong>haec:</strong></span> <span class='ocrx_word' id='word_1_192' title='bbox 775 2200 969 2248; x_wconf 82' lang='lat' dir='ltr'><strong>„gegen</strong></span> <span class='ocrx_word' id='word_1_193' title='bbox 1009 2183 1099 2229; x_wconf 86' lang='lat' dir='ltr'><strong>das</strong></span> <span class='ocrx_word' id='word_1_194' title='bbox 1130 2198 1231 2229; x_wconf 90' lang='lat' dir='ltr'><strong>von</strong></span> <span class='ocrx_word' id='word_1_195' title='bbox 1265 2181 1361 2227; x_wconf 93' lang='lat' dir='ltr'><strong>den</strong></span> <span class='ocrx_word' id='word_1_196' title='bbox 1394 2179 1510 2226; x_wconf 82' lang='lat' dir='ltr'><strong>Hss.</strong></span> <span class='ocrx_word' id='word_1_197' title='bbox 1545 2178 1716 2226; x_wconf 84' lang='lat' dir='ltr'><strong>CEM</strong></span> 
     </span>
     <span class='ocr_line' id='line_1_26' title="bbox 205 2260 1715 2334; baseline -0.006 -17"><span class='ocrx_word' id='word_1_198' title='bbox 205 2270 458 2334; x_wconf 87' lang='lat' dir='ltr'><strong>gebotene</strong></span> <span class='ocrx_word' id='word_1_199' title='bbox 499 2266 640 2330; x_wconf 88' lang='lat' dir='ltr'>Impf.</span> <span class='ocrx_word' id='word_1_200' title='bbox 682 2266 870 2316; x_wconf 79' lang='grc' dir='ltr'>ἐκέλευεν</span> <span class='ocrx_word' id='word_1_201' title='bbox 909 2263 1094 2327; x_wconf 84' lang='lat' dir='ltr'><strong>Spricht</strong></span> <span class='ocrx_word' id='word_1_202' title='bbox 1126 2262 1445 2310; x_wconf 82' lang='lat' dir='ltr'><strong>entschieden</strong></span> <span class='ocrx_word' id='word_1_203' title='bbox 1478 2261 1565 2308; x_wconf 85' lang='lat' dir='ltr'><strong>der</strong></span> <span class='ocrx_word' id='word_1_204' title='bbox 1594 2260 1715 2309; x_wconf 83' lang='lat' dir='ltr'><strong>Aor.</strong></span> 
     </span>
     <span class='ocr_line' id='line_1_27' title="bbox 205 2341 1718 2407; baseline -0.01 -4"><span class='ocrx_word' id='word_1_205' title='bbox 205 2348 482 2407; x_wconf 72' lang='grc' dir='ltr'>ἐποιήσατο”.</span> <span class='ocrx_word' id='word_1_206' title='bbox 535 2348 677 2395; x_wconf 91' lang='lat' dir='ltr'><strong>Haec</strong></span> <span class='ocrx_word' id='word_1_207' title='bbox 723 2355 890 2394; x_wconf 90' lang='lat' dir='ltr'><strong>autem</strong></span> <span class='ocrx_word' id='word_1_208' title='bbox 930 2345 1054 2392; x_wconf 88' lang='lat' dir='ltr'><strong>ratio</strong></span> <span class='ocrx_word' id='word_1_209' title='bbox 1095 2360 1245 2407; x_wconf 90' lang='lat' dir='ltr'><strong>quam</strong></span> <span class='ocrx_word' id='word_1_210' title='bbox 1285 2342 1517 2406; x_wconf 84' lang='lat' dir='ltr'><strong>Steupius</strong></span> <span class='ocrx_word' id='word_1_211' title='bbox 1555 2342 1632 2389; x_wconf 90' lang='lat' dir='ltr'><strong>hic</strong></span> <span class='ocrx_word' id='word_1_212' title='bbox 1671 2341 1718 2388; x_wconf 89' lang='lat' dir='ltr'><strong>in</strong></span> 
     </span>
     <span class='ocr_line' id='line_1_28' title="bbox 204 2422 1719 2479; baseline -0.007 0"><span class='ocrx_word' id='word_1_213' title='bbox 204 2442 342 2479; x_wconf 85' lang='lat' dir='ltr'><strong>textu</strong></span> <span class='ocrx_word' id='word_1_214' title='bbox 392 2428 738 2477; x_wconf 86' lang='lat' dir='ltr'><strong>constituendo</strong></span> <span class='ocrx_word' id='word_1_215' title='bbox 789 2436 984 2474; x_wconf 84' lang='lat' dir='ltr'><strong>secutus</strong></span> <span class='ocrx_word' id='word_1_216' title='bbox 1024 2435 1098 2473; x_wconf 81' lang='lat' dir='ltr'><strong>est</strong></span> <span class='ocrx_word' id='word_1_217' title='bbox 1135 2424 1381 2473; x_wconf 87' lang='lat' dir='ltr'><strong>reicienda</strong></span> <span class='ocrx_word' id='word_1_218' title='bbox 1419 2424 1628 2471; x_wconf 84' lang='lat' dir='ltr'><strong>videtur.</strong></span> <span class='ocrx_word' id='word_1_219' title='bbox 1669 2422 1719 2469; x_wconf 83' lang='lat' dir='ltr'><strong>Si</strong></span> 
     </span>
     <span class='ocr_line' id='line_1_29' title="bbox 208 2505 1719 2576; baseline -0.007 -16"><span class='ocrx_word' id='word_1_220' title='bbox 208 2512 482 2576; x_wconf 85' lang='lat' dir='ltr'><strong>optandum</strong></span> <span class='ocrx_word' id='word_1_221' title='bbox 522 2510 664 2557; x_wconf 85' lang='lat' dir='ltr'><strong>nobis</strong></span> <span class='ocrx_word' id='word_1_222' title='bbox 703 2519 778 2557; x_wconf 86' lang='lat' dir='ltr'><strong>est</strong></span> <span class='ocrx_word' id='word_1_223' title='bbox 815 2518 977 2555; x_wconf 87' lang='lat' dir='ltr'><strong>utrum</strong></span> <span class='ocrx_word' id='word_1_224' title='bbox 1016 2506 1183 2570; x_wconf 88' lang='lat' dir='ltr'><strong>aliquo</strong></span> <span class='ocrx_word' id='word_1_225' title='bbox 1222 2505 1332 2553; x_wconf 92' lang='lat' dir='ltr'><strong>loco</strong></span> <span class='ocrx_word' id='word_1_226' title='bbox 1378 2505 1719 2568; x_wconf 83' lang='lat' dir='ltr'><strong>imperfectum</strong></span> 
     </span>
     <span class='ocr_line' id='line_1_30' title="bbox 206 2587 1720 2654; baseline -0.007 -13"><span class='ocrx_word' id='word_1_227' title='bbox 206 2611 270 2641; x_wconf 92' lang='lat' dir='ltr'><strong>an</strong></span> <span class='ocrx_word' id='word_1_228' title='bbox 310 2593 546 2641; x_wconf 78' lang='lat' dir='ltr'><strong>aoristum</strong></span> <span class='ocrx_word' id='word_1_229' title='bbox 586 2590 829 2654; x_wconf 79' lang='lat' dir='ltr'><strong>legamUS,</strong></span> <span class='ocrx_word' id='word_1_230' title='bbox 872 2588 1266 2651; x_wconf 87' lang='lat' dir='ltr'><strong>unumquodque</strong></span> <span class='ocrx_word' id='word_1_231' title='bbox 1304 2587 1512 2634; x_wconf 86' lang='lat' dir='ltr'><strong>verbum</strong></span> <span class='ocrx_word' id='word_1_232' title='bbox 1547 2602 1635 2648; x_wconf 83' lang='lat' dir='ltr'><strong>per</strong></span> <span class='ocrx_word' id='word_1_233' title='bbox 1667 2602 1720 2631; x_wconf 84' lang='lat' dir='ltr'><strong>se</strong></span> 
     </span>
     <span class='ocr_line' id='line_1_31' title="bbox 208 2668 1721 2734; baseline -0.007 -11"><span class='ocrx_word' id='word_1_234' title='bbox 208 2685 283 2724; x_wconf 82' lang='lat' dir='ltr'><strong>est</strong></span> <span class='ocrx_word' id='word_1_235' title='bbox 339 2672 754 2722; x_wconf 82' lang='lat' dir='ltr'><strong>considerandum</strong></span> <span class='ocrx_word' id='word_1_236' title='bbox 810 2688 973 2734; x_wconf 90' lang='lat' dir='ltr'><strong>neque</strong></span> <span class='ocrx_word' id='word_1_237' title='bbox 1030 2670 1167 2717; x_wconf 88' lang='lat' dir='ltr'><strong>verbi</strong></span> <span class='ocrx_word' id='word_1_238' title='bbox 1217 2668 1474 2717; x_wconf 81' lang='lat' dir='ltr'><strong>vicinantis</strong></span> <span class='ocrx_word' id='word_1_239' title='bbox 1525 2677 1721 2730; x_wconf 82' lang='lat' dir='ltr'><strong>tempus</strong></span> 
     </span>
     <span class='ocr_line' id='line_1_32' title="bbox 210 2747 1721 2820; baseline -0.007 -16"><span class='ocrx_word' id='word_1_240' title='bbox 210 2775 298 2820; x_wconf 82' lang='lat' dir='ltr'><strong>pro</strong></span> <span class='ocrx_word' id='word_1_241' title='bbox 339 2765 472 2804; x_wconf 88' lang='lat' dir='ltr'><strong>certo</strong></span> <span class='ocrx_word' id='word_1_242' title='bbox 515 2763 813 2818; x_wconf 83' lang='lat' dir='ltr'><strong>argumento</strong></span> <span class='ocrx_word' id='word_1_243' title='bbox 853 2752 1023 2800; x_wconf 85' lang='lat' dir='ltr'><strong>haberi</strong></span> <span class='ocrx_word' id='word_1_244' title='bbox 1061 2761 1242 2815; x_wconf 82' lang='lat' dir='ltr'><strong>potest.</strong></span> <span class='ocrx_word' id='word_1_245' title='bbox 1290 2750 1369 2797; x_wconf 85' lang='lat' dir='ltr'><strong>Sic</strong></span> <span class='ocrx_word' id='word_1_246' title='bbox 1409 2759 1578 2796; x_wconf 83' lang='lat' dir='ltr'><strong>nostro</strong></span> <span class='ocrx_word' id='word_1_247' title='bbox 1610 2747 1721 2795; x_wconf 89' lang='lat' dir='ltr'><strong>loco</strong></span> 
     </span>
     <span class='ocr_line' id='line_1_33' title="bbox 210 2831 1721 2904; baseline -0.007 -19"><span class='ocrx_word' id='word_1_248' title='bbox 210 2837 468 2886; x_wconf 79' lang='lat' dir='ltr'><strong>locutionis</strong></span> <span class='ocrx_word' id='word_1_249' title='bbox 514 2838 722 2904; x_wconf 69' lang='grc' dir='ltr'>κήρυγμα</span> <span class='ocrx_word' id='word_1_250' title='bbox 760 2838 964 2886; x_wconf 80' lang='grc' dir='ltr'>ποιεῖσθαι</span> <span class='ocrx_word' id='word_1_251' title='bbox 1005 2835 1154 2896; x_wconf 86' lang='lat' dir='ltr'><strong>(quae</strong></span> <span class='ocrx_word' id='word_1_252' title='bbox 1193 2831 1376 2879; x_wconf 85' lang='lat' dir='ltr'><strong>locutio</strong></span> <span class='ocrx_word' id='word_1_253' title='bbox 1415 2831 1491 2877; x_wconf 88' lang='lat' dir='ltr'><strong>hic</strong></span> <span class='ocrx_word' id='word_1_254' title='bbox 1530 2840 1721 2877; x_wconf 87' lang='lat' dir='ltr'><strong>tantum</strong></span> 
     </span>
    </p>
   </div>
  </div>
 </body>
</html>
