2119 3342
1069 240 1092 271 2

332 375 404 423 his
441 373 596 422 verbis
633 368 888 434 expressit:
939 396 1034 428 „—
1067 364 1208 412 much
1246 360 1334 410 will
1371 359 1546 423 always
1582 360 1647 407 be
1681 357 1764 406 lest
1799 367 1849 405 to

333 455 602 504 immediate
649 451 818 515 feeling
867 448 960 496 and
1011 448 1180 508 Queen
1219 444 1474 491 Grammar
1509 439 1595 488 will
1632 439 1733 488 lose
1769 439 1853 485 her

334 536 512 602 rights'’
567 545 614 582 et
662 532 807 596 paulo
856 530 994 577 infra:
1058 528 1229 588 ffHere,
1281 526 1410 581 then,
1459 540 1520 570 on
1557 522 1683 569 what
1718 537 1854 569 some

339 617 494 666 would
531 615 743 664 consider
779 613 858 661 the
889 628 1004 674 very
1035 606 1276 657 threshold
1313 605 1367 653 of
1390 605 1470 652 the
1498 603 1752 668 language,
1783 617 1857 648 we

339 710 467 747 meet
516 716 546 746 a
594 695 810 760 problem
860 693 962 741 that
1007 692 1044 738 is
1089 701 1139 738 to
1188 689 1251 736 be
1299 686 1465 735 solved
1500 686 1567 749 by
1603 683 1860 748 sympathy

341 782 434 829 and
483 778 741 843 sympathy
788 774 940 823 alone.
985 772 1093 819 The
1131 787 1257 833 open
1293 785 1431 816 sense
1469 767 1524 814 of
1555 767 1635 814 the
1671 765 1860 813 student

341 864 378 910 is
415 862 496 910 the
533 859 642 923 only
680 874 805 921 open
842 852 1081 903 sesame'’.
1124 851 1284 912 Quam
1320 866 1433 896 vere
1469 848 1588 895 haec
1621 847 1744 894 dicta
1774 845 1862 892 sint

343 954 564 1007 expertus
612 940 733 988 novi.
781 937 894 985 Mihi
930 935 1118 1000 quidem
1155 930 1413 995 imperfecti
1450 940 1498 977 et
1535 928 1693 976 aoristi
1727 943 1863 975 usum

343 1023 701 1088 Thucydideum
732 1016 1065 1068 commentanti
1095 1015 1222 1062 haud
1251 1030 1358 1061 raro
1387 1011 1552 1060 accidit
1575 1021 1641 1069 ut,
1663 1027 1770 1057 cum
1789 1007 1864 1056 ali-

347 1123 490 1171 quam
539 1103 699 1169 legem
743 1102 805 1149 ad
841 1101 962 1147 hunc
1000 1114 1138 1145 usum
1176 1095 1485 1159 pertinentem
1521 1092 1751 1140 invenisse
1787 1106 1866 1138 me

347 1198 605 1252 putassem,
646 1183 848 1232 eandem
886 1190 1071 1244 postea,
1105 1195 1214 1225 cum
1251 1177 1295 1223 in
1331 1192 1482 1223 novas
1521 1184 1568 1222 et
1606 1173 1868 1236 inopinatas

346 1269 602 1317 locutiones
631 1265 907 1321 incidissem,
940 1261 1153 1309 omittere
1178 1259 1276 1306 sive
1305 1267 1596 1305 commutare
1623 1255 1867 1302 deberem.

350 1351 441 1398 Vix
473 1349 563 1396 alia
584 1347 744 1412 lingua
764 1356 851 1403 est,
874 1361 996 1408 quae
1016 1354 1115 1390 tam
1134 1339 1381 1404 impatiens
1400 1339 1457 1385 sit
1476 1348 1706 1385 certarum
1727 1347 1871 1400 atque

351 1429 705 1480 immutabilium
753 1426 1021 1492 regularum
1074 1440 1216 1487 quam
1267 1421 1456 1468 Graeca
1501 1437 1588 1468 nec
1625 1429 1874 1482 tantopere

353 1513 448 1561 ulla
497 1529 583 1559 nos
634 1510 760 1575 cogit
802 1509 864 1556 ad
901 1523 1065 1554 veram
1103 1516 1320 1552 naturam
1358 1502 1595 1565 syntactici
1632 1500 1874 1565 cujusdam

352 1595 532 1643 formae
563 1609 675 1639 usus
705 1589 957 1655 cogitando
990 1597 1257 1651 penetrare,
1291 1585 1662 1648 quotiescunque
1694 1581 1824 1630 locos
1846 1599 1875 1629 a

353 1675 488 1724 solito
535 1691 621 1721 usu
669 1672 980 1720 abhorrentes
1019 1667 1264 1716 enucleare
1301 1665 1530 1714 volumus.
1571 1665 1620 1712 Si
1656 1681 1871 1727 usquam,

347 1758 424 1805 'hic
460 1755 621 1820 sagaci
653 1763 810 1801 mente
842 1769 962 1815 opus
990 1760 1076 1798 est.
1111 1749 1184 1795 Ex
1216 1748 1354 1796 animi
1385 1746 1615 1795 sententia
1648 1745 1875 1793 assentior

354 1839 549 1887 WE1L1O
570 1835 602 1899 1)
652 1835 713 1882 de
761 1833 942 1897 syntaxi
990 1831 1178 1878 Graeca
1222 1830 1342 1877 haec
1380 1827 1639 1892 praeclare,
1679 1838 1729 1875 ut
1767 1826 1875 1874 mihi

354 1920 548 1977 videtur,
583 1915 822 1965 scribenti:
867 1914 1011 1975 „Rien
1042 1930 1101 1960 ne
1132 1910 1394 1959 ressemble
1426 1910 1575 1957 moins
1607 1910 1636 1956 a
1665 1926 1727 1956 un
1756 1908 1878 1956 code

359 2003 469 2065 (que
496 1999 541 2047 la
574 2009 771 2062 syntaxe
803 1996 1056 2061 grecque):
1086 1993 1175 2041 elle
1196 1993 1338 2051 obeit,
1361 1991 1388 2038 il
1408 2002 1480 2039 est
1499 1991 1613 2049 vrai,
1639 1991 1667 2037 a
1686 1990 1771 2037 des
1791 1989 1877 2037 lois

360 2099 457 2146 que
486 2080 582 2127 l'on
602 2090 715 2142 peut
735 2079 964 2142 degager,
987 2075 1104 2122 mais
1124 2075 1208 2121 des
1223 2073 1367 2136 qu'on
1389 2089 1558 2135 essaye
1579 2072 1640 2119 de
1661 2069 1879 2119 formuler

361 2180 440 2211 ces
466 2162 566 2219 lois,
597 2159 684 2208 elle
715 2159 894 2217 resiste,
926 2157 1014 2205 elle
1045 2155 1250 2204 reclame
1283 2172 1337 2202 sa
1355 2154 1519 2202 liberte
1540 2173 1547 2200 :
1571 2163 1695 2200 cette
1714 2152 1880 2200 liberte

362 2244 483 2292 n'est
514 2241 778 2305 cependant
807 2257 896 2303 pas
926 2238 972 2286 la
1003 2238 1203 2297 licence3
1238 2237 1274 2283 si
1303 2235 1390 2283 elle
1420 2234 1603 2283 semble
1623 2233 1882 2282 enfreindre

361 2325 408 2373 la
437 2324 572 2372 lettre
604 2323 664 2370 de
695 2321 738 2368 la
769 2320 845 2379 loi,
878 2319 995 2367 c'est
1025 2336 1146 2382 pour
1174 2318 1329 2365 mieux
1359 2335 1412 2364 se
1444 2316 1707 2364 conformer
1739 2316 1767 2362 a
1795 2331 1883 2362 son

364 2406 519 2469 esprit.
553 2403 686 2451 C’est
716 2420 809 2466 que
840 2401 885 2449 la
915 2401 1088 2465 langue
1120 2416 1344 2464 grecque,
1367 2398 1552 2462 produit
1572 2395 1752 2445 naturel
1772 2396 1884 2443 d'un

365 2485 537 2551 peuple
587 2483 977 2532 admirablement
1024 2482 1163 2539 doue,
1215 2480 1295 2527 n’a
1345 2497 1433 2543 pas
1480 2496 1633 2527 connu
1676 2478 1885 2542 pendant

367 2569 451 2616 des
496 2565 659 2614 siecles
695 2565 738 2612 le
770 2566 889 2629 joug
927 2563 1063 2611 etroit
1099 2563 1184 2610 des
1221 2561 1574 2627 grammairiens
1611 2560 1672 2608 de
1709 2559 1883 2623 profes-

367 2651 488 2708 sion3
519 2648 789 2694 instrument
826 2646 966 2692 d'une
999 2642 1321 2691 merveilleuse
1352 2642 1615 2705 souplesse,
1650 2640 1738 2688 elle
1770 2640 1886 2688 s'ac-

423 2851 456 2893 1)
481 2851 625 2892 Journal
656 2850 716 2881 des
751 2850 907 2891 Savants7
941 2848 1012 2879 Mai
1051 2856 1159 2890 19013
1193 2847 1290 2879 loeus
1325 2846 1484 2878 laudatus
1519 2850 1570 2877 est
1604 2855 1623 2876 a
1652 2853 1726 2877 v.c,
1755 2842 1889 2875 Gilder-

368 2909 483 2941 sleeve
507 2908 568 2941 1.1.
596 2918 630 2949 p.
659 2917 692 2939 2.
