2119 3342
908 198 969 243 23

182 337 445 391 spectatur,
494 326 769 374 adhibetur.
826 324 945 371 Loci
999 323 1061 370 ab
1110 322 1205 369 hoc
1244 337 1333 368 usu
1374 319 1698 367 abhorrentes

181 409 370 457 laudati
407 418 520 455 sunt
558 425 587 455 a
626 406 832 469 Steupio
873 405 936 452 ad
971 405 990 451 I
1038 420 1112 460 11,
1160 419 1183 449 2
1227 405 1261 452 εἰ
1297 430 1365 436 -
1402 401 1472 450 τὸν
1511 398 1697 464 πόλεμον

183 491 443 558 διέφερον.
487 487 788 552 Hujusmodi
829 503 1031 550 quoque
1070 483 1204 543 lociS‚
1246 499 1407 545 aeque
1447 499 1503 529 ac
1536 478 1699 527 multis

183 570 300 618 locis
339 571 513 633 quibus
553 568 728 632 plqpfti
770 567 931 615 Latini
972 566 1228 613 notionem
1269 563 1453 611 aoristo
1494 559 1700 624 exprimi

184 661 503 714 expectamus
555 650 633 712 (cf.
689 667 735 712 p.
794 665 849 695 21
905 649 1016 710 sq),
1057 645 1395 708 imperfectum
1435 641 1701 690 insolenter

184 749 275 796 pro
308 733 492 779 aoristo
524 731 801 789 adhibetur,
831 746 941 776 cum
973 727 1179 790 scriptor
1202 725 1449 773 actionem
1471 738 1700 787 praesen-

184 815 332 862 ticam
371 812 502 860 clare
539 811 645 860 vult
683 811 937 873 effingere.
955 810 989 873 1)

259 895 432 942 Genus
464 893 668 941 actionis
701 892 837 955 quod
871 891 1008 938 verbi
1040 889 1254 937 formis
1286 886 1703 951 praesenticis

187 975 472 1039 exprimitur
511 974 708 1022 Curtius
745 973 946 1020 vocavit
992 971 1116 1028 „die
1150 970 1382 1017 dauern
1398 968 1468 1015 de
1504 968 1639 1015 Han
1655 967 1702 1014 d-

187 1055 385 1120 lung‘’.
440 1056 592 1118 Quod
643 1071 825 1102 nomen
873 1055 919 1101 in
972 1053 1256 1100 universum
1308 1050 1426 1097 satis
1477 1059 1610 1096 recte
1648 1065 1701 1095 se

188 1139 339 1186 habet
357 1162 366 1199 3
395 1154 570 1185 revera
591 1153 764 1184 omnes
785 1134 1172 1199 significationes
1192 1132 1412 1179 omnium
1432 1131 1703 1178 formarum

189 1236 319 1282 quae
372 1236 401 1266 a
439 1219 662 1266 themate
701 1216 973 1281 praesentis
1011 1215 1291 1262 derivantur
1329 1211 1704 1276 quodammodo

190 1301 389 1348 nomine
438 1299 706 1347 actionis
740 1297 1062 1345 durativae
1094 1292 1447 1357 comprehendi
1479 1301 1702 1356 possunt.

190 1382 385 1429 Tamen
415 1380 693 1428 cavendum
724 1389 799 1426 est
828 1396 890 1426 ne
921 1378 1028 1441 quis
1049 1377 1282 1424 subsistat
1302 1375 1349 1422 in
1371 1375 1476 1438 ejus
1497 1374 1706 1421 nominis

191 1480 337 1511 sensu
371 1462 570 1525 proprio
603 1461 631 1508 i.
655 1478 696 1508 e.
732 1459 1021 1523 temporali3
1055 1475 1171 1505 nam
1202 1457 1394 1504 duratio
1421 1454 1707 1518 temporalis

193 1561 292 1592 una
339 1554 532 1591 tantum
584 1552 660 1590 est
708 1559 735 1589 e
785 1542 931 1589 variis
971 1539 1252 1588 notionibus
1291 1549 1393 1585 tam
1434 1537 1708 1600 praesentis

192 1642 343 1688 quam
375 1623 646 1687 imperfecti
680 1622 814 1686 quod
847 1639 937 1670 nos
970 1638 1098 1669 nunc
1132 1620 1421 1684 praesertim
1452 1635 1707 1678 curamus3

192 1707 314 1754 sicut
365 1705 549 1753 aoristo
601 1721 804 1767 quoque
843 1703 1089 1751 actionem
1128 1701 1465 1764 punctativam
1505 1698 1710 1762 exprimi

192 1789 260 1836 ita
308 1786 657 1835 tantummodo
702 1786 813 1850 jure
864 1785 1051 1843 dicitur,
1104 1784 1142 1830 si
1194 1783 1303 1846 quis
1354 1783 1459 1846 ejus
1498 1780 1709 1828 nominis

193 1885 392 1917 sensum
443 1867 695 1930 proprium
748 1867 775 1914 i.
799 1883 842 1913 e.
894 1863 1223 1928 temporalem
1261 1880 1411 1910 unam
1449 1871 1642 1909 tantum
1681 1878 1709 1908 e

195 1948 358 1997 multis
407 1947 572 1996 aoristi
620 1946 1059 2011 significationibus
1109 1944 1350 2008 praebere
1389 1942 1708 2006 perspexerit.

192 2031 302 2093 jam
323 2048 371 2077 v.
394 2029 440 2076 d.
466 2029 522 2076 C.
545 2028 623 2076 W.
649 2028 707 2077 E.
727 2029 929 2074 MILLER
949 2027 995 2073 in
1017 2025 1436 2073 commentatione
1457 2042 1496 2071 c.
1514 2034 1547 2070 t.
1573 2022 1711 2080 „The

196 2110 455 2174 imperfect
493 2109 593 2156 and
631 2109 716 2156 the
754 2109 906 2155 aorist
944 2108 991 2154 in
1033 2106 1235 2154 Greek'’
1279 2105 1365 2168 (A.
1397 2105 1437 2167 J.
1480 2105 1532 2151 P.
1568 2104 1708 2163 XVI,

205 2192 355 2253 1895)
396 2209 442 2253 p.
492 2206 584 2250 143
626 2190 771 2237 dixit:
819 2189 958 2247 „The
991 2199 1117 2236 term
1152 2186 1429 2234 dauernd
1461 2186 1501 2232 is
1532 2183 1712 2248 utterly

197 2272 499 2334 inadequate
548 2281 600 2317 to
652 2287 854 2334 express
904 2272 989 2316 the
1031 2269 1228 2316 various
1267 2284 1380 2314 uses
1418 2267 1475 2314 of
1505 2267 1590 2313 the
1628 2266 1711 2312 im-

199 2353 386 2418 perfect
423 2351 551 2399 etc’'.
595 2352 650 2399 Id
684 2352 819 2415 quod
854 2351 1081 2398 omnibus
1111 2348 1409 2412 imperfectis
1442 2349 1510 2411 (et
1540 2347 1714 2394 ceteris

199 2435 368 2483 formis
424 2434 760 2496 praesenticis)
819 2450 979 2496 aeque
1029 2430 1334 2495 significatur
1384 2439 1458 2477 est
1508 2428 1713 2475 actionis

199 2514 514 2584 παροέτασις
553 2532 703 2577 quarn
743 2514 929 2577 antiqui
968 2514 1199 2560 dicebant
1227 2512 1254 2559 i.
1290 2528 1331 2558 e.
1367 2509 1711 2572 extensi02)‚

253 2637 285 2680 1)
312 2637 408 2669 Idem
434 2636 547 2667 valere
575 2634 667 2676 apud
695 2633 977 2665 Herodotum
1004 2636 1147 2673 apparet
1175 2641 1217 2661 ex
1241 2630 1283 2661 iis
1307 2640 1395 2671 quae
1417 2629 1480 2659 hac
1495 2629 1536 2659 de
1551 2638 1585 2658 re
1600 2628 1715 2669 dispu-

202 2696 285 2727 tavit
321 2697 362 2726 A.
397 2696 548 2725 ZANDER
583 2693 637 2723 De
673 2691 865 2732 imperfecti
895 2695 998 2732 atque
1024 2689 1141 2721 aoristi
1167 2688 1260 2730 apud
1286 2686 1502 2718 Herodotum
1528 2695 1608 2728 usu3
1635 2685 1716 2716 diss.

202 2753 318 2794 inaug.
347 2752 446 2783 Halis
473 2751 648 2782 Saxonum
679 2748 778 2791 1882,
806 2759 840 2789 p.
868 2757 1018 2787 22—24.

251 2810 287 2852 2)
314 2820 382 2850 qua
409 2819 492 2840 voce
520 2808 562 2839 ad
589 2807 657 2838 vim
685 2806 961 2848 praesenticarum
988 2805 1172 2836 formarum
1198 2801 1448 2844 designandam
1473 2801 1562 2831 bene
1582 2811 1642 2831 usa
1667 2804 1718 2831 est

206 2866 381 2901 Winifred
414 2867 557 2900 Warren
592 2864 652 2896 1.1.
679 2875 712 2909 p.
742 2871 778 2904 3:
809 2863 887 2906 „An
917 2863 1028 2896 action
1055 2872 1130 2905 may
1157 2862 1199 2892 be
1226 2859 1391 2902 regarded
1418 2869 1453 2890 as
1480 2857 1716 2891 extensive
