2119 3342
505 707 796 771 CAPUT
834 709 1288 774 ALTERUM.

246 978 311 1010 DE
349 977 643 1009 IMPERFECTI
674 978 736 1010 ET
773 978 968 1011 AORISTI
1007 979 1145 1021 QUEM
1183 979 1236 1012 IN
1275 979 1563 1012 THUCYDIDE

624 1061 1038 1094 DEPREHENDIMUS
1076 1061 1175 1095 USU.

147 1176 212 1226 A.
260 1178 339 1225 De
376 1177 540 1225 variis
576 1178 732 1226 modis
768 1178 946 1242 quibus
984 1177 1334 1242 imperfectum
1374 1178 1655 1226 adhibetur.

216 1311 247 1373 ἓ
293 1327 331 1358 1.
374 1310 463 1358 De
501 1310 865 1373 imperfecto
905 1311 1268 1375 durativo.1)

183 1392 430 1455 Persaepe
480 1392 820 1455 imperfectum
872 1393 1152 1440 durativum
1191 1393 1453 1441 adhibetur
1490 1393 1555 1441 ad
1593 1393 1657 1440 in-

145 1473 381 1522 dicandas
431 1474 652 1521 actiones
701 1474 806 1522 sive
857 1475 1165 1523 conditiones
1215 1492 1344 1538 quae
1383 1492 1471 1539 per
1509 1492 1657 1523 omne

144 1555 437 1603 narrationis
483 1566 680 1619 tempus
730 1556 906 1603 durare
958 1556 1225 1620 finguntur,
1279 1555 1416 1604 velut
1459 1574 1569 1604 cum
1608 1557 1655 1603 in

144 1637 461 1701 expeditione
508 1638 725 1701 quadam
773 1638 1051 1685 enarranda
1101 1637 1306 1686 adicitur
1353 1638 1462 1702 quis
1513 1639 1657 1686 fuerit

145 1719 472 1782 expeditionis
500 1719 604 1767 sive
634 1719 844 1782 agminis
873 1719 999 1780 dux3
1023 1719 1081 1767 ef.
1114 1720 1133 1767 I
1167 1735 1249 1781 45,
1277 1736 1300 1766 2
1333 1721 1655 1788 ἐστρατήγει

144 1799 192 1850 δὲ
242 1798 381 1851 αὐτῶν
433 1801 569 1863 (item
621 1801 663 1847 Π
709 1805 787 1861 26,
837 1802 906 1864 Ι),
950 1801 993 1847 II
1043 1818 1118 1862 19,
1167 1818 1183 1848 1
1229 1805 1413 1869 ἡγεῖτο
1452 1801 1528 1861 δέ,
1573 1817 1652 1862 22,

150 1898 175 1944 3
198 1885 432 1950 ἡγοῦντο
460 1881 506 1933 δὲ
537 1880 705 1944 αὐτῶνς
734 1899 812 1944 23,
841 1899 864 1929 2
889 1884 1214 1951 ἐστρατήγει
1235 1884 1311 1944 δές
1337 1898 1416 1944 33,
1442 1899 1458 1930 Ι
1486 1877 1656 1951 ἦρχον

144 1962 192 2014 δὲ
228 1973 304 2024 τῆς
342 1966 586 2032 στρατείας;
628 1964 694 2011 III
739 1967 818 2025 76,
859 1980 875 2011 Ι
921 1958 1054 2032 ἦρχε
1093 1963 1139 2014 δὲ
1173 1961 1312 2014 αὐτῶν
1341 1960 1547 2024 Ἃλκίδας
1579 1968 1653 2014 καὶ

145 2047 361 2113 Βρασίδας
418 2042 532 2116 αὐτῷ
590 2043 840 2114 ξύμβουλος
895 2046 1107 2097 ἐπέπλει
1163 2046 1191 2094 i.
1252 2062 1294 2093 e.
1347 2045 1403 2093 in
1451 2044 1657 2094 classe

146 2127 387 2188 aderat3
405 2144 503 2190 qua
514 2127 853 2175 rationeverbi
874 2128 1112 2178 ἐπιπλεῖν
1141 2127 1484 2190 imperfectum
1506 2129 1656 2175 etiam

145 2218 409 2272 usurpatur
459 2208 502 2254 II
545 2212 625 2268 66,
671 2225 694 2255 2
737 2208 991 2259 ἐπέπλεον
1031 2207 1078 2258 δὲ
1115 2210 1480 2276 Λακεδαιμονίων
1520 2212 1652 2276 χίλιοι

145 2295 314 2341 ὁπλῖται
335 2294 409 2340 καὶ
432 2298 608 2357 Κνῆμος
628 2288 894 2359 Σπαρτιάτης
913 2287 1136 2358 ναύαρχος
1155 2313 1164 2351 3
1187 2289 1256 2337 IV
1285 2307 1300 2337 1
1320 2306 1336 2336 1
1351 2329 1360 2346 ‚
1388 2306 1411 2336 2
1436 2287 1658 2358 ναύαρχος

145 2371 193 2422 δὲ
245 2369 384 2422 αὐτῶν
424 2371 637 2422 ἐπέπλει
671 2377 784 2433 κτλ.;
819 2372 936 2419 VIII
986 2388 1065 2433 39,
1115 2389 1130 2420 1
1172 2376 1246 2422 καὶ
1268 2368 1658 2439 ἅρχωνέπέπλει

147 2451 286 2505 αὐτῶν
326 2458 422 2504 κτλ.
462 2454 593 2515 (cum
632 2454 725 2502 hac
763 2454 901 2501 verbi
940 2455 1120 2504 ἐπιπλεῖν
1160 2452 1518 2517 significatione
1557 2470 1656 2500 non

147 2546 223 2583 est
269 2535 618 2583 confundenda
665 2553 725 2584 ea
765 2553 893 2599 quae
931 2545 1007 2582 est
1052 2552 1191 2595 „cum
1231 2534 1387 2582 classe
1419 2535 1659 2582 adversus

148 2618 343 2665 hostem
383 2616 655 2682 navigare''
696 2618 758 2666 de
797 2635 896 2681 qua
934 2617 992 2664 ef.
1033 2617 1158 2664 infra
1195 2618 1225 2679 ξ
1267 2618 1330 2679 7).

219 2699 384 2763 Saepe
405 2716 606 2764 quoque
625 2699 758 2763 impf.
783 2699 1062 2747 durativum
1083 2699 1130 2746 in
1145 2698 1430 2761 parenthesi
1444 2697 1659 2761 positum

202 2896 236 2940 1)
262 2896 317 2929 Cf.
343 2906 446 2939 supra
473 2906 508 2938 p.
536 2900 592 2937 25.
