2119 3342
913 190 1000 238 IX.

274 345 430 393 Servii
486 344 743 392 annotatio
793 343 858 391 ad
909 342 1061 406 Verg.
1116 340 1218 389 Ecl.
1272 339 1320 388 X
1371 357 1442 387 vs.
1485 342 1551 399 46
1589 337 1717 400 („Hi

201 453 376 485 omnes
414 453 587 484 versus
626 433 757 482 Galli
795 444 907 482 sunt
945 435 1008 482 de
1047 433 1197 496 ipsius
1236 429 1461 479 translati
1499 429 1716 477 carmini·

204 525 351 591 bus'’)
390 543 489 575 non
529 536 722 589 spectat
760 525 848 572 nisi
885 542 982 572 vss.
1026 528 1252 584 46—49.

929 716 993 764 X.

274 862 394 911 Tac.
456 861 591 910 Ann.
643 860 709 908 IV
764 876 821 922 3:
861 866 908 908 et
944 859 1058 923 quia
1096 859 1145 906 vi
1182 867 1258 906 tot
1294 855 1437 905 simul
1475 855 1720 919 corripere

208 955 434 1015 intutum,
475 952 618 1002 dolus
655 951 914 1001 intervalla
952 949 1191 999 scelerum
1230 949 1484 1014 poscebat.

277 1045 457 1111 Injuria
497 1046 784 1093 NIPPERDEY
823 1042 1007 1092 delevit
1044 1048 1102 1091 et.

917 1226 1007 1274 XI.

277 1374 549 1422 Decretum
599 1369 1113 1420 Halicarnassensium
1156 1368 1293 1432 quod
1326 1366 1507 1431 legitur
1536 1366 1583 1413 in
1617 1365 1723 1413 Dit-

205 1464 486 1529 tenbergeri
536 1461 744 1528 Sylloge
791 1463 825 1510 I.
885 1477 945 1509 10
984 1460 1230 1524 pertinere
1269 1458 1463 1507 videtur
1503 1457 1567 1504 ad
1600 1455 1723 1504 sedi-

207 1557 393 1605 tionem
435 1553 770 1603 Halicarnassi
803 1554 985 1601 factam
1020 1569 1150 1616 quae
1181 1551 1447 1600 Herodoto
1479 1559 1533 1597 ut
1565 1547 1725 1613 patrIa

209 1647 473 1713 pelleretur
511 1663 660 1695 causa
696 1646 798 1694 fuit.

911 1827 1024 1876 XII.

280 1973 433 2036 Quod
474 1972 738 2036 Appianus
777 1973 831 2020 B.
857 1971 912 2020 C.
938 1971 977 2018 II
1006 1986 1099 2031 149
1139 1979 1306 2017 narrat
1344 1968 1407 2016 de
1449 1966 1725 2015 Alexandri

209 2066 273 2114 ad
332 2065 595 2113 Ammonis
652 2062 905 2111 oraculum
962 2062 1133 2110 itinere
1189 2078 1250 2109 ex
1308 2058 1506 2107 Arriani
1556 2059 1723 2106 Anab.

210 2157 276 2205 III
328 2172 407 2218 3,3
457 2173 530 2219 sq.
583 2154 917 2219 deprompsit3
959 2153 1093 2217 quod
1133 2162 1300 2200 autem
1338 2151 1521 2198 ibidem
1560 2159 1728 2197 narrat

212 2248 275 2296 de
310 2246 601 2296 Alexandro
634 2263 722 2310 per
761 2244 1082 2310 Pamphyliae
1122 2261 1262 2291 oram
1300 2242 1598 2290 maritimam
1636 2241 1728 2288 iter

210 2338 406 2388 facienti
445 2356 472 2388 e
512 2337 756 2387 Plutarchi
796 2337 898 2386 vita
939 2335 1085 2385 Alex.
1128 2353 1167 2384 c.
1212 2338 1274 2396 63
1317 2333 1606 2398 desumpsit.

898 2530 1041 2578 XIII.

289 2666 470 2731 Injuria
504 2663 758 2712 contendit
792 2663 1032 2711 STEUPIUS
1053 2663 1118 2726 (in
1141 2661 1463 2709 annotatione
1485 2660 1548 2707 ad
1569 2660 1724 2708 Thuc.

215 2759 260 2806 II
313 2759 448 2821 34,4)
507 2755 718 2804 Athenis
773 2755 1084 2804 interdictum
1135 2754 1283 2802 fuisse
1335 2751 1616 2800 mulieribus
1667 2769 1729 2800 ne

214 2849 457 2913 exsequiis
496 2848 804 2896 interessent.
