2119 3342
1089 205 1152 264 56

357 350 403 398 in
454 349 631 413 quibus
673 349 735 395 68
778 345 931 409 impf.‚
974 352 1261 403 occurrunt3
1301 351 1471 389 contra
1509 338 1720 388 aoristus
1758 353 1870 385 raro

354 431 548 495 legitur,
607 428 901 476 indicativus
957 425 1126 474 aoristi
1184 433 1420 487 quattuor
1475 431 1670 470 tantum
1725 418 1872 480 locis3

358 513 494 577 cujus
543 511 611 559 rei
661 527 812 558 causa
860 508 1055 556 videtur
1105 505 1240 571 quod
1294 503 1679 569 significationes
1728 501 1872 565 hujus

357 594 495 642 verbi
546 592 706 656 magis
757 591 924 639 formis
976 587 1212 637 durativis
1259 586 1443 634 favent.
1488 584 1640 632 Hisce
1679 582 1874 629 duobus

357 675 476 723 locis
515 675 749 723 aoristum
789 681 1194 721 momentaneum
1215 670 1249 733 1)
1290 669 1451 716 dicere
1490 665 1665 714 velim:
1704 664 1723 711 I
1764 679 1873 725 134,

360 774 392 818 4
449 759 527 808 καί
580 754 708 807 αὑτὸν
764 754 813 818 (i.
874 771 917 802 e.
975 753 1045 803 τὸν
1103 751 1380 813 Παυσανίαν)
1434 749 1747 816 ἐμέλλησαν
1797 743 1876 812 μὲν

361 842 401 900 ἐς
451 839 521 889 τὲν
574 833 749 888 Κεάδαν
788 834 1041 905 ἐσβάλλειν·
1082 832 1220 884 ἔπειτα
1258 830 1378 893 ἔδοξε
1416 833 1595 888 πλησίον
1634 848 1712 879 που
1753 848 1877 877 κατο-

361 918 514 989 ρύξαιῑ
591 919 777 967 aoristo
853 916 1156 981 significatur
1223 911 1651 962 Lacedaemonios
1720 909 1878 974 primo

363 1002 562 1066 quidem
615 1002 661 1048 in
713 1001 878 1048 animo
932 998 1165 1046 habuisse
1217 996 1512 1044 Pausaniam
1565 994 1612 1040 in
1653 992 1879 1040 Ceadam

363 1084 573 1143 deicere,
609 1083 788 1130 deinde
820 1098 941 1129 vero
975 1079 1092 1127 illud
1127 1077 1381 1127 consilium
1416 1086 1662 1136 mutasse3
1696 1073 1880 1122 aoristo

364 1183 462 1214 non
500 1176 604 1213 tam
640 1163 801 1212 brevis
839 1161 1024 1210 consilii
1063 1160 1365 1209 continuatio
1405 1157 1690 1222 exprimitur
1729 1171 1880 1218 quam

367 1245 794 1295 Lacedaemonios
849 1245 896 1291 in
947 1261 1008 1292 ea
1064 1242 1310 1291 sententia
1366 1256 1465 1287 non
1522 1237 1879 1302 permansisse3

368 1329 437 1375 III
490 1343 570 1390 55,
625 1344 647 1374 2
702 1329 743 1377 ἐν
790 1327 933 1394 μέντοι
978 1335 1036 1396 τῷ
1075 1324 1244 1392 πολέμῳ
1285 1320 1406 1373 οὐδὲν
1445 1321 1764 1389 ἐκπρεπέστερον
1803 1317 1882 1368 ὑπὸ

367 1414 491 1478 ἡμῶν
541 1406 631 1460 οὔτε
682 1406 848 1459 ε’ποέθετε
900 1404 990 1458 οὔτε
1038 1406 1386 1474 ἐμελλῆσατε
1437 1403 1521 1467 (Sc.
1561 1402 1744 1464 παθεῖν),
1784 1415 1884 1464 quo

367 1491 476 1540 loco
517 1490 858 1555 imperfectum
897 1488 1125 1557 (ἐμέλλετε)
1167 1487 1328 1552 potius
1369 1494 1728 1549 exspectamu5‚
1770 1481 1885 1545 quia

370 1574 432 1621 de
488 1573 638 1620 totius
693 1571 807 1620 belli
863 1582 1088 1635 tempore
1146 1569 1419 1633 cogitatur3
1478 1566 1661 1615 aoristo
1716 1574 1885 1612 autem

371 1654 632 1718 significari
653 1664 774 1717 puto
802 1670 872 1701 ne
912 1653 1219 1700 minimum
1261 1649 1506 1714 quidem
1546 1644 1887 1712 periculum

371 1754 608 1800 umquam
661 1734 1069 1784 Lacedaemoniis
1119 1751 1148 1781 a
1195 1731 1567 1780 Plataeensibus
1614 1727 1887 1776 timendum

373 1819 535 1867 fuisse.
587 1818 642 1865 In
680 1816 790 1865 loco
830 1817 900 1863 IV
947 1832 1058 1877 123,
1104 1832 1127 1862 2
1170 1814 1379 1862 aoristus
1417 1814 1680 1880 ἐμέλλησαν,
1720 1819 1889 1857 uteun-

375 1917 471 1964 que
538 1899 578 1947 is
644 1898 782 1946 locus
850 1908 1108 1961 corruptus
1171 1894 1514 1959 explanandus
1569 1902 1660 1950 est,
1719 1890 1889 1953 utique

375 1981 608 2046 plqpfecti
663 1980 824 2028 Latini
875 1979 1235 2043 significatione
1283 1976 1537 2041 praeditus
1577 1984 1677 2022 est:
1728 1971 1890 2036 „quod

375 2074 480 2112 tum
518 2063 565 2110 in
599 2062 765 2110 animo
801 2060 1109 2110 habuerant''
1147 2060 1228 2123 (de
1262 2076 1362 2122 quo
1393 2057 1503 2105 loco
1538 2055 1597 2103 cf.
1634 2071 1745 2103 ann.
1779 2053 1887 2116 St.).

376 2145 542 2193 Etiam
597 2143 717 2191 VIII
779 2159 857 2204 23,
919 2158 943 2205 5
1006 2142 1270 2210 α’πεκομίσθη
1328 2139 1375 2191 δὲ
1424 2137 1555 2190 ποῖλιν
1604 2141 1626 2187 ὁ
1675 2135 1758 2187 α’πὸ
1808 2144 1891 2185 τῶν

377 2236 480 2278 νεῶν
517 2226 640 2288 πεζὸς
677 2226 723 2285 ὃς
755 2226 817 2276 ἐπὶ
849 2225 919 2275 τὸν
952 2223 1268 2280 Ἑλλήσποντον
1307 2221 1611 2290 ἐμέλλησεν
1652 2218 1754 2269 ἰέναι
1787 2232 1890 2265 aor.

378 2308 531 2356 habet
577 2306 678 2354 vim
726 2304 961 2371 plqpfecti
1001 2304 1189 2353 Latini:
1237 2303 1515 2368 „peditatus
1554 2299 1637 2364 qui
1676 2299 1741 2347 ad
1778 2295 1892 2346 Hel-

380 2390 663 2453 lespontum
703 2388 1011 2452 profecturus
1050 2384 1188 2435 erat”
1230 2386 1309 2449 (cf.
1351 2403 1389 2432 c.
1434 2386 1479 2443 8,
1525 2383 1587 2446 2).

453 2470 728 2533 Compositi
757 2471 1081 2537 διαμέλλειν
1121 2465 1462 2526 „cunctari”
1489 2479 1680 2529 paucae
1701 2471 1892 2511 tantum

383 2553 719 2618 praesenticae
770 2551 974 2610 formae,
1028 2551 1075 2598 in
1115 2550 1292 2613 quibus
1343 2545 1496 2596 semel
1536 2544 1688 2609 impf.‚
1730 2559 1894 2592 occur-

384 2645 508 2683 runt.
549 2634 652 2681 Ind.
693 2650 796 2681 aor.
836 2632 1014 2697 legitur
1035 2631 1381 2680 tantummodo
1420 2629 1516 2676 VII
1557 2644 1639 2689 49,
1681 2642 1712 2687 4
1750 2628 1825 2676 καὶ
1857 2626 1896 2674 οἱ

382 2716 460 2785 μὲν
482 2714 694 2774 Ἀθηναῖοι
714 2712 845 2782 τούτῳ
867 2708 922 2782 tc}
943 2714 1077 2782 τρόπῳ
1106 2711 1267 2780 διεμέ
1274 2717 1300 2762 λ
1315 2716 1377 2769 λη
1392 2708 1490 2762 σοίν
1522 2730 1563 2759 τε
1579 2712 1653 2759 καὶ
1674 2703 1787 2758 κατὰ
1807 2703 1892 2774 χῶ·

438 2911 471 2955 1)
497 2910 540 2943 cf.
566 2919 669 2953 supra
695 2920 728 2952 p.
758 2907 798 2941 18
824 2917 877 2949 sq.
902 2910 936 2939 et
962 2905 1051 2938 infra
1076 2902 1092 2947 ἓ
1123 2909 1173 2946 15.
