2119 3342
1105 206 1164 254 72

369 330 657 394 imperfecta
695 332 997 396 descriptiva
1035 343 1148 380 sunt
1185 332 1329 380 simul
1358 333 1643 382 incohativa
1662 335 1724 397 1):
1757 333 1888 382 acies

369 411 535 459 instrui
570 423 749 476 coepta
788 424 864 462 est
901 414 970 477 (et
1009 413 1055 460 in
1086 413 1372 462 instruendo
1403 415 1554 463 duces
1586 413 1889 478 aliquamdiu

366 494 728 557 versabantur).

440 575 738 623 Indicativus
787 593 890 624 aor.
943 577 1083 624 verbi
1134 574 1422 644 παρατάσσειν
1473 577 1606 625 hisce
1649 576 1769 625 locis
1808 595 1886 625 oc-

367 656 526 713 currit,
584 657 767 720 ubique
824 675 935 705 cum
983 657 1342 722 significatione
1395 676 1528 706 mere
1575 658 1889 707 constativa:

367 736 461 783 VII
523 754 566 799 3,
626 755 657 798 4
708 749 757 786 et
810 743 890 799 69,
948 756 972 800 3
1028 741 1189 803 (act.)3
1242 739 1289 785 V
1342 743 1423 801 65,
1485 757 1502 787 1
1564 741 1750 804 (med).
1803 740 1892 787 Vis

366 817 533 865 aoristi
585 820 864 868 constativa
915 819 1049 868 clare
1099 819 1260 868 elucet
1309 820 1357 868 in
1409 820 1520 869 1000
1560 822 1654 868 VII
1697 838 1741 883 3,
1790 838 1806 868 1
1853 824 1892 872 οἱ

366 895 580 957 Ἀθηναῖοι
627 903 847 968 αἰφνιδίως
892 907 967 952 τοῦ
1017 924 1058 952 τε
1110 906 1327 953 Γυλίππου
1380 907 1455 953 καὶ
1494 913 1576 953 τῶν
1614 908 1887 972 Συρακοσίων

365 984 502 1046 σφίσιν
533 980 730 1032 ἐπιόντων
764 983 1088 1051 ἐθορυβήθησαν
1117 982 1196 1051 μὲν
1221 983 1267 1033 το
1298 994 1476 1052 πρῶτον,
1506 982 1891 1053 παρετάξαντο

364 1061 438 1111 δέε
481 1079 787 1126 quamquam
819 1064 1090 1127 perturbati
1124 1075 1251 1125 sunt,
1291 1074 1462 1113 tamen
1495 1065 1626 1114 acies
1655 1065 1889 1114 instructa

365 1153 467 1204 est3
515 1143 702 1192 factum
752 1156 1071 1204 memoratur,
1123 1147 1377 1194 instructio
1432 1163 1532 1195 non
1584 1147 1886 1195 describitur.

435 1224 589 1272 Verbi
610 1224 1051 1293 οέντιπαρατοίσσεσθαι
1066 1228 1163 1275 ind.
1179 1244 1281 1276 aor.
1300 1226 1479 1290 legitur
1494 1238 1686 1276 tanturn
1704 1229 1722 1275 I
1740 1231 1769 1275 6
1778 1244 1820 1289 3,
1844 1245 1885 1276 2.

436 1306 802 1370 Descriptivum
849 1307 1193 1371 imperfectum
1239 1310 1303 1357 ibi
1349 1326 1550 1373 quoque
1588 1308 1768 1373 legitur
1806 1309 1887 1357 ubi

364 1387 457 1435 loci
491 1389 610 1436 situs
644 1389 947 1450 describitur,
983 1408 1082 1453 qua
1115 1391 1446 1455 descriptione
1478 1408 1539 1439 ea
1561 1408 1690 1454 quae
1710 1407 1889 1453 gerun-

364 1480 443 1516 tur
481 1468 746 1517 lectoribus
785 1469 1012 1532 planiora
1052 1471 1187 1519 fiant.
1237 1472 1354 1533 Quo
1394 1472 1642 1535 pertinent
1680 1472 1728 1519 hi
1767 1471 1886 1520 loci:

369 1550 436 1597 III
491 1563 603 1612 107,
649 1567 674 1612 3
716 1550 926 1620 χαράδρα
966 1550 1006 1602 δ’
1046 1551 1202 1613 αὐτοὺς
1238 1552 1412 1621 μεγάλη
1453 1556 1688 1621 διεῖργεν
1728 1555 1886 1618 (sepa-

365 1633 552 1696 rabat)3
605 1632 651 1679 V
709 1637 788 1693 64,
840 1650 871 1694 4
923 1631 1041 1684 α’λλά
1093 1641 1179 1695 τοῖς
1228 1634 1307 1702 μὲν
1348 1664 1416 1670 —
1454 1633 1502 1685 οὐ
1541 1633 1691 1703 ῥοίδιον
1726 1630 1779 1690 {v
1819 1664 1887 1670 —-

365 1716 543 1764 διελθεῖν
574 1713 652 1770 τὴν
680 1718 916 1782 πολεμίαν·
954 1716 1220 1787 ξυνέκλῃε
1256 1713 1341 1785 γὰρ
1371 1714 1446 1767 διὰ
1475 1715 1606 1784 μέσου
1640 1715 1669 1764 1.
1687 1733 1729 1764 0.
1763 1717 1888 1764 haec

365 1795 495 1843 enirn
536 1795 675 1858 regio
709 1796 874 1844 media
913 1795 1003 1844 illis
1038 1797 1269 1861 opposita
1311 1809 1442 1859 erat3
1497 1797 1564 1844 VI
1618 1801 1701 1858 66,
1762 1815 1778 1845 1
1831 1808 1886 1868 τῇ

363 1877 445 1944 μὲν
493 1874 579 1946 ’γὰρ
626 1882 767 1946 τειχία
815 1900 857 1928 τε
903 1883 978 1929 καὶ
1034 1882 1162 1929 οἰκίαι
1225 1878 1407 1948 εἶργον
1465 1883 1539 1930 καὶ
1595 1879 1756 1948 δένδρα
1812 1884 1888 1930 καὶ

365 1962 514 2025 λίμνη,
572 1955 690 2027 παρὰ
746 1958 794 2009 δὲ
853 1959 900 2009 τὸ
956 1965 1144 2028 κρημνοί
1197 1960 1388 2023 (itinere
1444 1959 1887 2024 intercludebant)3

365 2038 483 2086 VIII
535 2055 616 2099 90,
659 2056 691 2100 4
730 2038 791 2091 ἐπ’
832 2038 961 2091 αὐτὸν
999 2038 1085 2109 ’γὰρ
1123 2042 1194 2092 τὸν
1234 2071 1303 2077 —-
1341 2039 1501 2110 πύργον
1540 2039 1794 2093 ἐτελεύτα
1840 2041 1887 2092 τό

363 2142 405 2170 τε
454 2121 643 2172 παλαιὸν
692 2121 739 2171 τὸ
777 2122 879 2188 πρὸς
917 2121 1083 2190 ἔπειρον
1123 2127 1198 2173 καὶ
1237 2123 1283 2173 τὸ
1323 2123 1436 2183 ἐντος
1473 2123 1519 2174 τὸ
1558 2123 1707 2174 καινὸν
1745 2129 1886 2192 τεῖχος

365 2202 450 2265 (ad
488 2202 647 2265 ipsam
687 2233 755 2238 —
793 2213 977 2251 turrem
1019 2205 1335 2268 pertinebat).

436 2283 614 2332 Restat
668 2294 720 2332 ut
774 2283 951 2348 loquar
1007 2286 1070 2332 de
1127 2285 1318 2349 aliquot
1374 2285 1494 2333 locis
1546 2286 1723 2349 quibus
1776 2285 1885 2349 quis

362 2365 521 2428 primo
579 2366 753 2413 obtutu
811 2367 1047 2414 aoristum
1106 2368 1269 2430 potius
1327 2384 1479 2430 quarn
1536 2367 1883 2430 imperfectum

364 2447 487 2510 (sive
542 2449 798 2510 praesens)
848 2448 1230 2511 exspectaverit,
1281 2449 1364 2495 ubi
1420 2448 1590 2495 formis
1640 2448 1885 2499 συντέλειαν

364 2529 748 2592 exprimentibus
787 2530 947 2593 magis
984 2529 1122 2578 locus
1161 2547 1270 2578 esse
1309 2530 1464 2578 videri
1501 2529 1671 2593 possit.
1714 2529 1885 2576 Omni-

362 2610 455 2658 bus
501 2620 668 2658 autem
719 2611 774 2657 iis
823 2610 941 2658 locis
994 2629 1120 2674 quos
1168 2611 1286 2659 volo
1331 2612 1426 2659 hoc
1477 2628 1740 2659 commune
1791 2621 1882 2669 est,

364 2691 499 2754 quod
549 2692 756 2755 scriptor
807 2708 906 2740 non
955 2693 1161 2740 actionis
1200 2693 1555 2757 perfectionem
1593 2693 1697 2740 sive
1735 2708 1883 2739 even-

416 2876 449 2919 1)
475 2876 544 2909 vid.
572 2886 674 2919 supra
701 2888 735 2919 p.
763 2877 806 2910 26
833 2886 884 2919 sq.

2109 3073 2119 3210 ..Aa-..uana
2116 3051 2119 3057 .
2113 3003 2115 3006 Δ
