2119 3342
884 216 946 264 59

231 347 274 394 ΙΙ
327 350 408 408 65,
466 359 491 407 7
545 341 574 395 ἃ
626 341 948 413 κατορθούμενα
987 343 1065 411 μὲν
1103 350 1189 404 τοῖς
1228 342 1416 403 ἰδιώταις
1447 341 1552 409 τιμὴ
1593 345 1668 391 καὶ

160 429 316 496 ὠφελία
348 432 521 496 μᾶλλον
553 422 581 482 ἦ
592 447 631 486 ν,
667 426 883 493 σφαλέντα
915 424 961 476 δὲ
989 434 1042 492 τῇ
1070 424 1185 476 πόλει
1215 453 1283 459 -
1310 421 1460 492 βλάβη
1492 426 1670 473 καθίσ-

160 530 316 561 τατο;
370 509 761 573 quotiescunque
803 523 1040 570 prospere
1078 506 1428 564 succedebant,
1467 503 1671 567 privatis

162 593 208 639 in
242 592 482 638 honorem
517 599 566 637 et
600 588 859 636 utilitatem
890 587 1249 646 vertebant3
1281 585 1671 649 quotiescunque

162 683 329 721 autem
381 688 479 719 non
529 670 875 727 succedebant,
917 666 1217 731 reipublicae
1254 667 1491 714 damnum
1530 665 1671 712 infe-

162 754 396 802 rebant

234 835 278 881 ΙΙ
303 850 384 895 94,
415 850 430 880 1
460 836 634 901 φρυκτοὶ
664 831 858 900 ᾔροντο
887 829 1108 897 πολέμιοι,
1130 829 1470 893 imperfectum
1491 827 1674 875 indicat

162 917 304 981 signa
356 916 502 978 ignea
553 913 912 962 identidem
964 912 1105 973 data3
1159 912 1216 960 cf.
1270 911 1337 958 III
1393 927 1474 971 22,
1530 923 1556 972 7
1597 927 1671 973 sq.

162 1001 338 1067 φρυκτοί
370 1018 412 1047 τε
450 996 643 1064 ᾔροντο
682 996 722 1055 ἐς
758 992 835 1055 τὰς
875 995 1035 1062 Θήβας
1072 993 1288 1060 πολέμιοι·
1327 998 1673 1060 παρανῖσχον

163 1079 210 1130 δὲ
248 1082 322 1130 καὶ
354 1081 392 1129 οἱ
423 1079 470 1128 ἐκ
501 1086 577 1137 τῆς
608 1076 768 1136 πόλεως
801 1081 1027 1135 Πλαταιῆς
1059 1075 1142 1126 α’πο
1163 1080 1236 1125 τοῦ
1265 1078 1431 1141 τείχους
1463 1070 1674 1140 φρυκτοὺς

162 1158 348 1220 πολλοὺς
386 1164 479 1210 κτλ.

234 1243 297 1290 ib.
329 1243 358 1304 ἓ
392 1258 416 1288 2
449 1246 554 1301 ναῦς
583 1243 905 1291 καθεῖλκονῑ
938 1239 1073 1302 impf.
1097 1239 1160 1287 de
1184 1234 1445 1300 singulis
1465 1235 1675 1283 navibus

165 1323 402 1372 deductis.

242 1405 285 1451 II
339 1407 420 1465 96,
478 1420 501 1450 2
544 1407 618 1453 καὶ
657 1400 755 1462 τοὺς
792 1400 870 1469 μὲν
909 1405 1047 1471 μισθῷ
1085 1398 1288 1451 ἔπειθεν
1329 1403 1459 1449 κτλ.;
1501 1398 1675 1461 imper-

163 1487 345 1534 fectum
385 1502 483 1533 non
522 1495 597 1532 est
635 1484 918 1532 conativum
939 1483 973 1546 1)
1006 1482 1095 1530 sed
1128 1481 1353 1530 iterative
1386 1489 1676 1543 usurpatum

166 1579 240 1616 est
277 1568 340 1615 de
378 1566 583 1614 diversis
620 1565 852 1630 gentibus
891 1564 1295 1628 obsequentibus.

238 1650 305 1696 III
350 1665 429 1709 21,
473 1665 498 1710 3
533 1647 635 1699 ὥστε
668 1646 855 1716 πάροδον
889 1646 950 1714 μὴ
985 1645 1090 1697 εἶναι
1122 1643 1240 1714 παρὰ
1272 1642 1448 1714 πύργον,
1482 1640 1600 1694 α’λλά
1622 1639 1682 1693 δι’

167 1729 307 1782 αὐτῶν
355 1731 496 1798 μέσων
545 1733 747 1797 διῇσοιν
788 1730 872 1792 (sc.
913 1731 951 1779 οἱ
988 1725 1224 1795 φύλακες);
1264 1725 1533 1774 identidem
1571 1740 1677 1787 per-

167 1813 417 1861 meabant.

242 1911 321 1956 32,
366 1911 392 1956 3
432 1899 605 1963 ὁρῶντες
643 1890 730 1962 γὰρ
761 1890 839 1952 τὰς
871 1897 978 1951 ναῦς
1011 1893 1047 1941 οἱ
1081 1887 1291 1958 ἄνθρωποι
1323 1887 1401 1939 οὐκ
1434 1887 1676 1956 ἔφευγον,

167 1973 285 2028 α’λλά
323 1975 705 2045 προσεχώρουν
726 1978 898 2042 μᾶλλον
937 1975 994 2033 ὡς
1027 1970 1267 2032 Ἀττικαῐςι
1301 1970 1456 2034 impff.
1492 1970 1554 2017 de
1587 1969 1679 2017 sin·

168 2058 294 2122 gulis
335 2057 629 2105 hominibus.

242 2156 323 2201 33,
362 2156 386 2186 2
420 2148 478 2210 τῷ
512 2136 686 2206 Πάχητι
719 2140 795 2188 καὶ
828 2142 914 2196 τοῖς
949 2133 1186 2195 Ἀθηναίοις
1215 2129 1342 2190 ἦλθε
1374 2132 1451 2201 μὲν
1488 2137 1562 2184 καὶ
1596 2132 1680 2183 ἀπὸ

167 2231 244 2282 τῆς
295 2219 550 2290 Ἐρυθραιας
601 2218 803 2286 α’γγελιά,
855 2216 1138 2284 α’φικνεῖτο
1178 2215 1226 2266 δὲ
1266 2220 1340 2266 καὶ
1377 2214 1678 2283 πανταχόθενε

168 2302 302 2365 impf.
355 2301 498 2368 οἷφικν.
552 2300 615 2348 de
664 2299 843 2346 nuntiis
889 2298 970 2362 qui
1009 2297 1279 2360 undique
1317 2296 1679 2357 afferebantur3

170 2394 344 2432 contra
383 2399 484 2430 aor.
526 2376 626 2437 ἦλθε
668 2381 731 2429 de
769 2380 939 2428 nuntio
978 2379 1042 2427 ab
1081 2396 1181 2426 una
1218 2388 1359 2442 parte
1393 2376 1559 2425 allato.

243 2482 326 2526 49,
384 2481 408 2525 3
463 2463 621 2531 ἐγένετο
671 2462 835 2519 σπουδὴ
878 2467 951 2512 τοῦ
988 2466 1096 2513 πλοῦ
1134 2457 1309 2519 τοιαύτη
1349 2458 1452 2511 ὥστε
1490 2458 1680 2515 ἧσθιόν

169 2569 211 2598 τε
261 2543 358 2614 ἅμα
408 2544 654 2605 ἐλαύνοντες
692 2574 760 2579 —
800 2546 877 2595 καί
920 2547 958 2594 οἱ
1007 2542 1084 2611 μὲν
1134 2540 1263 2593 ὕπνον
1301 2545 1529 2610 ῃροῦντο
1567 2538 1682 2591 κατὰ

171 2630 312 2698 μέρος,
361 2630 398 2678 οἱ
445 2626 491 2678 δὲ
537 2626 809 2682 ἦλαυνον;
857 2625 1010 2689 impff.
1052 2625 1114 2673 de
1155 2624 1210 2671 iis
1248 2640 1377 2687 quae
1415 2622 1682 2671 identidem

171 2711 435 2759 faciebant.

225 2897 258 2939 Ι)
283 2895 325 2926 cf.
352 2905 455 2937 supra
482 2904 515 2936 p.
543 2901 584 2933 27
613 2898 646 2923 et
672 2892 760 2922 infra
785 2890 848 2933 §5-
