2119 3342
1071 197 1166 230 120

356 335 479 374 atur.
520 326 704 373 Nostro
745 340 942 387 quoque
975 322 1085 371 loco
1125 322 1516 385 expectabamus
1553 320 1738 368 aoristo
1777 319 1872 367 hoc

355 408 621 455 indicatum
642 406 712 466 iri,
729 405 1065 453 Athenienses
1084 404 1281 451 Inessae
1304 402 1681 466 oppugnatione
1695 401 1873 448 frustra

355 499 547 536 tentata
586 505 638 536 re
676 487 857 535 infecta
895 486 1204 546 discessisse3
1239 495 1406 532 tamen
1442 484 1575 547 impf.
1612 482 1874 530 adhibetur

357 588 456 634 quo
493 569 648 618 lector
687 578 950 617 moneatur
978 567 1140 615 adhuc
1173 565 1357 630 aliquid
1387 563 1598 613 relatum
1633 564 1687 611 iri
1715 563 1778 611 de
1811 579 1873 611 eo

356 652 492 715 quod
553 650 783 699 militibus
831 649 1185 697 decedentibus
1236 648 1401 696 evenit
1452 648 1500 711 (ξ
1556 663 1579 693 2
1636 647 1677 696 ἐν
1728 643 1776 695 δὲ
1821 653 1874 712 τῇ

356 731 634 801 οἷναχωρῆσει
674 732 806 796 κτλ).
847 731 947 794 (De
986 729 1161 778 ceteris
1199 728 1336 777 verbi
1375 727 1545 780 α’πιέναι
1575 724 1874 791 imperfectis

357 813 455 861 vid.
497 814 621 861 infra
660 815 689 876 ἓ
733 814 835 876 24.)
1784 861 1788 863 ,

404 894 661 963 ¹Similiter
692 895 738 941 V
774 907 853 956 27,
897 910 913 941 1
953 896 999 944 αἱ
1019 891 1102 943 οέπὲ
1122 901 1199 953 τῆς
1219 891 1548 946 Πελοποννήσου
1570 893 1876 959 πρεσβεῖαι-

359 975 678 1045 οἷνεχῶρουν
716 977 764 1026 ἐκ
795 984 872 1035 τῆς
904 976 1240 1041 Λακεδαίμονος
1260 972 1551 1036 imperfecto
1573 971 1878 1035 significatur

357 1057 421 1105 de
466 1056 748 1121 legatorum
800 1057 1005 1104 domum
1056 1054 1297 1102 reditione
1347 1054 1640 1117 scriptorem
1691 1051 1876 1116 aliquid

358 1156 468 1187 esse
523 1139 847 1203 adjecturum‚
908 1154 1090 1201 nempe
1136 1136 1184 1183 id
1232 1135 1386 1199 quod,
1437 1145 1550 1198 post
1600 1144 1877 1182 ceterorum

359 1221 571 1269 reditum
622 1219 905 1268 absolutum
957 1219 1141 1267 aoristo
1185 1219 1233 1282 (ξ
1277 1235 1300 1264 2
1343 1221 1419 1269 καὶ
1460 1219 1499 1268 οἱ
1534 1215 1613 1285 μὲν
1653 1213 1779 1267 ἄλλοι
1818 1212 1879 1267 ἐπ’

360 1309 478 1354 οἴκου
518 1302 807 1365 ἀπῆλθον),
848 1302 912 1349 de
951 1300 1320 1348 Corinthiorum
1357 1298 1537 1362 legatis
1575 1315 1674 1346 non
1712 1297 1880 1346 statim

360 1385 565 1433 domurn
633 1384 996 1433 revertentibus
1064 1382 1152 1430 sed
1229 1381 1362 1446 prius
1431 1381 1600 1444 Argos
1656 1390 1711 1428 ut
1767 1396 1879 1427 cum

364 1466 565 1530 Argivis
604 1466 668 1514 de
695 1466 900 1514 foedere
929 1474 1138 1529 agerent
1167 1481 1221 1512 se
1253 1463 1620 1511 conferentibus
1654 1471 1878 1510 narratur

364 1548 563 1596 ibidem.
631 1547 747 1609 Qua
815 1547 1099 1594 narratione
1166 1556 1371 1609 peracta
1427 1543 1620 1592 illorum
1679 1559 1881 1608 quoque

365 1629 571 1677 domum
621 1629 796 1676 reditio
847 1628 1097 1676 nuntiatur
1147 1627 1333 1675 aoristo
1385 1627 1433 1689 (ἓ
1487 1627 1560 1689 3):
1612 1627 1686 1676 καὶ
1727 1627 1767 1676 οἱ
1803 1623 1882 1693 μὲν

367 1714 576 1781 Κορίνθιοι
614 1708 873 1772 διδάξαντες
910 1715 1048 1761 ταῦτα
1085 1707 1447 1777 ἀνεχώρησαν
1487 1705 1548 1759 ἐπ’
1585 1713 1721 1759 οἴκου.

998 1891 1257 1898 .—.—-—.

529 2050 559 2113 ἓ
599 2067 645 2111 9.
688 2049 779 2097 De
816 2047 1191 2113 imperfecto
1230 2062 1361 2094 cum
1401 2044 1744 2109 negatione

917 2128 1333 2194 conjunct0.¹)

442 2243 651 2291 Locutio
702 2243 800 2306 (ὡς,
849 2242 1066 2305 ἐπειδή)
1117 2239 1212 2291 οὐκ
1263 2238 1432 2291 ἔπειθε
1484 2239 1652 2304 (-θον)
1690 2247 1890 2301 praeter

369 2323 533 2372 locum
578 2341 727 2388 supra
764 2322 1022 2371 laudatum
1062 2323 1101 2386 (I
1144 2326 1225 2383 65,
1274 2323 1316 2385 1)
1355 2321 1490 2369 hisce
1529 2336 1731 2384 quoque
1769 2318 1889 2367 locis

371 2405 578 2469 legitur:
633 2405 702 2452 III
758 2421 801 2466 3,
850 2422 903 2466 13
948 2421 1026 2466 31,
1076 2421 1128 2465 13
1176 2417 1259 2465 75,
1301 2420 1361 2463 43
1403 2402 1472 2449 IV
1513 2418 1560 2462 4,
1610 2418 1662 2462 13
1705 2413 1786 2462 71,
1831 2416 1887 2461 23

372 2487 443 2534 VI
499 2501 580 2548 50,
628 2503 667 2534 1.
710 2485 989 2550 Imperfecti
1027 2502 1176 2549 quem
1216 2484 1293 2532 hic
1332 2481 1709 2531 observavimus
1748 2498 1890 2529 usum

372 2567 523 2616 etiam
581 2567 781 2615 exhibet
838 2584 1075 2630 praesens
1135 2566 1269 2631 quod
1326 2564 1536 2613 occurrit
1587 2563 1657 2610 IV
1716 2565 1798 2625 87,
1862 2578 1886 2609 2

372 2647 597 2718 μάρτυρας
645 2647 723 2718 μὲν
774 2648 892 2709 θέους
942 2649 1016 2699 καὶ
1064 2646 1212 2718 ἥρωας
1249 2644 1348 2707 τοὺς
1387 2647 1618 2716 ἐγχωρίους
1654 2644 1891 2712 ποιήσομαι

351 2858 368 2859 ⁷⁷
420 2857 459 2918 ἰ)
486 2873 539 2907 Cf.
565 2856 729 2918 supraip.
756 2880 801 2916 30
827 2883 882 2916 sq.
