2119 3342
1079 197 1142 257 38

351 350 549 416 ὁρμίσας
600 342 871 408 legendum
910 349 984 388 est
1023 355 1134 386 cum
1173 335 1318 384 codd.
1360 333 1470 391 CG,
1512 348 1611 380 non
1649 330 1865 399 ὁρμήσας

353 428 489 492 quod
528 425 678 475 ceteri
717 423 862 472 codd.
903 421 1146 485 praebent
1183 417 1262 481 (cf.
1304 415 1493 478 Steupii
1531 430 1643 462 ann.
1685 412 1750 460 ad
1781 410 1863 475 l.);

354 511 418 558 de
453 510 615 557 forma
653 503 1063 575 ἐφορμηθέντας
1102 517 1253 564 quam
1292 498 1488 546 codices
1519 494 1763 559 praebent
1793 492 1865 539 VI

357 609 439 653 49,
492 607 523 651 4
570 588 799 636 videatur
850 584 1039 648 Steupii
1090 579 1374 644 „Anhang”
1418 579 1483 626 ad
1522 594 1634 625 eum
1672 574 1865 622 locum:

351 674 462 739 jure
519 670 751 734 Steupius
808 666 1049 716 Boehmio
1107 681 1196 727 pro
1249 660 1564 730 ἐφορμηθέντας
1613 655 1869 721 praeclare

358 755 656 823 ἐφόρμησιν
693 749 760 802 τοί
796 747 1054 797 conicienti
1094 743 1318 793 assentiri
1355 742 1565 790 videtur.

397 836 481 883 Ad
519 835 643 882 haec
664 833 819 881 verba
839 827 1199 894 significatione
1220 825 1464 873 accedunt
1484 839 1545 870 ea
1565 821 1719 869 verba
1740 835 1871 883 quae

359 917 640 981 significant
712 909 1117 972 ‚‚custodire‘’,
1184 902 1613 969 „observare’':
1670 908 1870 971 τηρεῖν,

360 1004 623 1068 φρουρεῖν,
666 994 980 1064 φυλάσσειν.

398 1080 549 1129 Verbi
580 1084 763 1146 τηρεῖν
793 1074 1134 1139 imperfectum
1157 1088 1188 1133 4
1210 1069 1418 1119 occurrit
1439 1069 1487 1133 (3
1513 1077 1626 1128 act.,
1657 1084 1674 1114 1
1702 1066 1873 1130 pass),

361 1163 460 1211 ind.
518 1179 622 1210 aor.
664 1177 763 1208 non
797 1157 1017 1206 occurrit.
1052 1153 1329 1217 Compositi
1361 1153 1631 1220 ἐπιτηρεῖν
1665 1149 1875 1197 aoristus

364 1245 564 1293 omnino
605 1259 705 1290 non
745 1239 969 1298 occurrit,
1009 1235 1199 1299 imperf.
1245 1251 1288 1282 2.

434 1325 589 1374 Verbi
625 1346 652 1393 φ
667 1344 756 1392 ρου
771 1344 820 1392 ρε
835 1328 879 1372 ῖν
919 1320 1126 1385 ejusque
1165 1315 1555 1380 compositorum
1577 1314 1657 1381 ἐμ·
1679 1321 1728 1360 et
1747 1333 1878 1380 περι-

363 1413 610 1479 φρουρεῑν
651 1404 806 1470 (quod
836 1400 1183 1451 tantummodo
1206 1399 1275 1446 ΙΙΙ
1304 1415 1383 1454 21,
1416 1413 1447 1458 4
1467 1395 1664 1460 legitur)
1685 1405 1879 1442 tantum

367 1489 707 1555 praesenticae
753 1487 960 1542 formae,
1013 1484 1060 1531 in
1109 1481 1286 1547 quibus
1335 1494 1580 1543 persaepe
1627 1476 1881 1541 imperfec-

367 1585 486 1630 tum,
529 1570 855 1619 inveniuntur.

439 1653 591 1702 Verbi
647 1648 935 1720 φυλάσσειν
986 1662 1230 1711 persaepe
1281 1643 1435 1707 impf.,
1488 1658 1734 1705 nusquam
1781 1640 1879 1688 ind.

369 1753 471 1785 aor.
544 1733 765 1782 occurrit.
821 1729 1169 1794 Compositum
1219 1721 1633 1793 διαφυλάσσειν
1690 1731 1883 1770 tanturn

370 1816 523 1866 semel
563 1815 791 1864 occurrit:
829 1814 871 1860 II
907 1816 987 1873 65,
1021 1826 1044 1873 5
1089 1810 1186 1861 ὅσον
1215 1830 1257 1858 τε
1286 1805 1372 1876 γὰρ
1401 1806 1557 1876 χρόνον
1585 1801 1771 1873 προῦστη
1808 1812 1886 1864 τῆς

367 1900 527 1959 πόλεως
565 1927 633 1933 ——
672 1887 877 1964 α’σφαλΞς
933 1889 1270 1961 διεφύλαξεν
1329 1887 1485 1949 αυτ-ἧν,
1538 1887 1620 1935 ubi
1672 1903 1772 1934 aor.
1807 1895 1883 1934 est

373 1978 814 2044 complexivus.

445 2063 529 2110 Ad
561 2061 715 2109 verba
743 2058 986 2117 durativa,
1019 2066 1071 2104 ut
1103 2056 1171 2102 ita
1203 2054 1381 2112 dicam,
1418 2051 1665 2116 pertinent
1681 2066 1884 2113 quoque

374 2144 698 2195 οἷκολουθεῖν
729 2151 779 2189 et
805 2137 1036 2197 ἕπεσθαι,
1060 2136 1246 2200 quippe
1269 2150 1400 2197 quae
1423 2133 1576 2181 verba
1599 2130 1890 2195 plerumque

374 2226 591 2273 indicent
620 2223 928 2271 actionem
962 2217 1263 2282 sequendi
1293 2213 1760 2276 comitandique
1792 2210 1891 2259 ali-

378 2306 667 2372 quamdiu
700 2304 1138 2358 continuatam,
1164 2300 1268 2347 sive
1296 2297 1496 2362 proprio
1521 2296 1626 2344 sive
1650 2292 1891 2342 translato

376 2406 539 2438 sensu.

449 2469 600 2517 Verbi
640 2467 972 2518 α’κολουὲεῖν
1024 2463 1159 2527 impf.
1217 2476 1261 2524 7,
1310 2460 1407 2509 ind.
1451 2476 1553 2508 aor.
1593 2456 1749 2506 semel
1787 2467 1893 2505 tan-

379 2563 482 2600 tum
535 2549 743 2598 occurrit
799 2547 866 2595 IV
921 2562 1002 2606 94,
1063 2562 1079 2592 1
1139 2561 1249 2592 cum
1300 2541 1538 2607 plqpfecti
1589 2539 1750 2587 Latini
1801 2539 1894 2602 sig-

380 2632 675 2682 nificatione.
739 2627 1016 2691 Compositi
1065 2628 1463 2678 ἐπακολουθεῖν
1512 2622 1648 2686 impf.
1704 2638 1748 2683 3,
1794 2620 1891 2667 ind.

381 2733 484 2763 aor.
525 2712 679 2762 semel
719 2711 927 2760 occurrit
966 2709 1082 2756 VIII
1130 2724 1205 2767 10,
1251 2724 1274 2754 2
1317 2723 1429 2754 cum
1469 2702 1704 2768 plqpfecti
1734 2701 1895 2750 Latini

383 2796 759 2860 significatione.
803 2790 1150 2855 Compositum
1190 2789 1629 2850 ξυνακολουθεῖν
1672 2800 1697 2846 3
1733 2800 1895 2833 occur-

383 2879 456 2938 rit,
497 2877 680 2941 ubique
719 2875 810 2924 sub
851 2874 1009 2922 forma
1056 2866 1524 2934 ξυνηκολούθουν.
