2119 3342
1069 187 1164 232 116

357 326 482 391 legit
537 326 775 375 aoristum
832 323 1256 394 οἷντανηγοέγοντο,
1313 326 1449 389 quod
1505 325 1581 373 hic
1637 326 1876 375 referatur

354 408 702 456 tantummodo
753 408 818 455 ad
867 424 928 455 ea
977 424 1109 470 quae
1156 407 1463 470 praecedunt
1501 408 1560 470 (c.
1606 420 1686 469 79,
1729 409 1780 472 6)
1817 410 1874 467 ὡς

354 488 492 550 οὐδεὶς
543 487 687 550 αὐτοῖς
735 489 1015 557 α’ντανήγετο.
1061 488 1184 536 Mihi
1225 498 1390 537 autem
1428 488 1624 536 videtur
1662 488 1737 536 hic
1776 505 1875 537 non

354 582 547 620 tantum
598 570 715 618 illud
766 571 941 634 respici
991 570 1081 618 sed
1131 587 1221 633 per
1266 569 1463 634 longius
1495 570 1600 633 jam
1639 569 1876 633 temporis

356 653 570 716 spatium
622 652 1013 716 Peloponnesios
1062 662 1350 700 cunctantes
1401 650 1663 715 significari
1715 651 1793 714 (cf.
1834 669 1875 699 c.

361 737 440 797 78,
501 750 517 781 Ι
562 739 637 784 τοῦ
671 733 750 801 μὲν
790 731 867 784 οὐκ
909 733 1123 793 ἐθέλοντος
1162 730 1254 783 οὔτε
1291 732 1485 801 πρότερον
1523 738 1770 800 ναυμαχεῖν
1808 761 1877 767 —

358 813 450 866 οὔτε
489 821 562 866 νῦν
602 817 734 879 κτλ.).
778 815 931 877 Quod
969 814 1145 862 attinet
1185 814 1250 861 ad
1289 814 1337 861 id
1376 814 1513 877 quod
1553 813 1627 861 Cl.
1662 813 1727 877 (in
1761 830 1874 861 ann.

356 898 420 946 ad
457 896 561 961 1.1.)
601 896 965 956 animadvertit,
1007 894 1342 959 compluribus
1380 894 1499 943 locis
1537 895 1583 942 in
1623 894 1875 942 codicibus

357 988 482 1042 part.
536 994 697 1042 praeS.
738 977 1026 1045 οἷναγόμενοι
1063 976 1373 1024 librariorum
1413 993 1579 1024 errore
1617 993 1708 1039 pro
1750 987 1875 1039 part.

358 1077 463 1110 aor.
511 1059 879 1128 α’ναγαγόμενοι
918 1058 1132 1122 reperiri,
1173 1075 1225 1105 re
1263 1075 1382 1106 vera
1421 1058 1516 1105 hoc
1555 1058 1790 1105 mendum
1831 1057 1877 1105 in

358 1142 608 1190 codicibus
647 1140 891 1188 nonnullis
929 1140 1035 1188 sive
1073 1140 1120 1187 in
1160 1139 1389 1187 omnibus
1427 1139 1679 1187 codicibus
1719 1149 1880 1187 exstat

360 1224 378 1270 Ι
423 1239 600 1284 29,4;
645 1237 725 1284 52,
777 1222 1032 1283 13113&
1077 1236 1256 1282 3390,
1307 1220 1878 1282 1392‚43V11195,

362 1320 405 1367 5.
463 1304 582 1352 Mea
628 1313 796 1352 autem
836 1302 1069 1366 opinione
1106 1300 1293 1349 facilius
1333 1319 1422 1365 per
1459 1300 1879 1365 haplographiam

363 1409 421 1454 αγ
472 1403 562 1450 pro
615 1407 738 1454 αγαγ
789 1403 819 1433 a
867 1384 1074 1432 librariis
1124 1384 1267 1432 scribi
1306 1383 1467 1447 potuit
1506 1401 1656 1447 quam
1693 1405 1751 1452 ηγ
1789 1401 1881 1447 pro

358 1490 495 1537 ηγαγ,
531 1467 666 1531 quod
700 1465 775 1515 Cl.
809 1477 979 1514 nostro
1010 1465 1121 1514 loco
1154 1483 1245 1513 usu
1274 1465 1469 1514 venisse
1500 1465 1590 1513 sibi
1622 1465 1879 1528 persuasit.

433 1549 601 1597 Verba
640 1548 974 1596 accusandi
1013 1564 1143 1611 quae
1175 1564 1324 1611 supra
1358 1565 1405 1610 p.
1445 1563 1506 1607 29
1541 1564 1614 1611 sq.
1638 1546 1702 1595 ad
1722 1563 1882 1611 genus

361 1631 622 1695 petitivum
697 1629 943 1693 pertinere
1011 1629 1478 1688 demonstravimus,
1546 1638 1659 1676 sunt
1725 1628 1878 1676 haec:

362 1715 645 1765 αἰτιᾶσθαι
677 1712 883 1776 ejusque
913 1710 1204 1775 composita,
1246 1711 1532 1778 ἐγκαλεῖν,
1571 1711 1881 1770 ἐπικαλεῖν,

364 1799 729 1862 κατηγορεῖνς
781 1810 993 1857 quorum
1032 1792 1305 1840 verborum
1343 1802 1548 1855 propter
1585 1791 1743 1855 ipsam
1781 1792 1881 1839 vim

364 1876 622 1939 petitivam
648 1875 837 1939 majore
859 1891 1065 1922 numero
1088 1873 1429 1937 praesenticae
1450 1890 1602 1936 quam
1623 1872 1884 1921 aoristicae

364 1957 554 2005 formae
592 1956 919 2005 inveniuntur.

438 2038 592 2086 Verbi
647 2041 933 2090 αἰτιᾶσθαι
992 2037 1090 2085 ind.
1151 2054 1252 2086 aor.
1314 2053 1413 2085 non
1462 2035 1694 2097 occurrit;
1747 2035 1880 2099 impf.

366 2120 545 2185 legitur
582 2130 776 2169 tantum
816 2119 863 2166 V
905 2135 984 2181 30,
1034 2135 1051 2167 1
1097 2120 1173 2170 καὶ
1213 2120 1443 2187 ᾐτιῶντο
1480 2119 1560 2174 τήν
1598 2139 1640 2168 τε
1680 2118 1884 2186 ἐσῆγησιν

364 2208 439 2253 τοῦ
476 2202 635 2263 παντὸς
673 2206 771 2253 κτλ.

439 2283 716 2347 Compositi
762 2284 1115 2334 ἐπαιτιᾶσθαι
1153 2281 1288 2345 impf.
1330 2291 1467 2330 extat
1505 2280 1551 2327 V
1597 2284 1674 2340 16,
1719 2297 1775 2342 23
1814 2280 1885 2327 VI

369 2369 453 2426 28,
502 2382 552 2426 13
595 2367 675 2426 58,
721 2381 776 2425 23
818 2364 933 2411 VIII
974 2381 1020 2425 9,
1066 2380 1123 2424 23
1163 2363 1398 2427 impfecto
1438 2362 1515 2410 hic
1553 2361 1646 2409 illic
1684 2372 1886 2425 praeter

368 2446 468 2494 vim
517 2444 774 2509 petitivam
826 2444 977 2492 etiam
1019 2444 1095 2492 vis
1134 2443 1361 2492 iterativa
1399 2443 1541 2503 inest,
1582 2459 1762 2505 nempe
1800 2441 1882 2490 ubi

370 2526 660 2591 designatur
692 2526 943 2574 accusatio
977 2542 1107 2589 quae
1137 2526 1184 2573 in
1218 2542 1305 2573 ore
1335 2524 1555 2572 omnium
1574 2524 1884 2573 versabatur.

372 2608 672 2656 Indicativus
710 2607 881 2655 aoristi
919 2606 1053 2654 hisce
1092 2607 1288 2654 duobus
1324 2605 1444 2654 locis
1483 2604 1687 2670 legitur:

441 2690 485 2737 II
543 2703 622 2751 70,
676 2706 707 2750 4
747 2698 861 2752 post
899 2698 1231 2735 memoratum
1270 2687 1454 2735 exitum
1494 2686 1765 2734 Potidaeae
1803 2686 1887 2734 ob-

371 2770 571 2819 sidionis
620 2769 949 2834 praesidiique
998 2769 1302 2817 deditionem
1341 2769 1408 2817 sic
1447 2767 1694 2832 pergitur:
1734 2768 1810 2819 καὶ
1849 2770 1889 2818 οἱ

368 2851 445 2921 μὲν
493 2852 749 2904 ὑπόσπονδοι
799 2853 979 2914 ἐξῆλθον
1018 2867 1102 2886 -·
1144 2847 1361 2908 Ἀθηναῖοι
1412 2848 1459 2902 δὲ
1496 2846 1594 2910 τούς
1630 2869 1671 2900 τε
1708 2869 1886 2918 στρατη-
