<?xml version="1.0" encoding="UTF-8"?>
<!DOCTYPE html PUBLIC "-//W3C//DTD XHTML 1.0 Transitional//EN"
    "http://www.w3.org/TR/xhtml1/DTD/xhtml1-transitional.dtd">
<html xmlns="http://www.w3.org/1999/xhtml" xml:lang="en" lang="en">
 <head>
  <title>
</title>
<meta http-equiv="Content-Type" content="text/html;charset=utf-8" />
  <meta name='ocr-system' content='tesseract 3.04.00' />
  <meta name='ocr-capabilities' content='ocr_page ocr_carea ocr_par ocr_line ocrx_word'/>
</head>
<body>
  <div class='ocr_page' id='page_1' title='image "./deimperfectietao00hilluoft_0044.png"; bbox 0 0 2119 3342; ppageno 0'>
   <div class='ocr_carea' id='block_1_1' title="bbox 1067 195 1128 240">
    <p class='ocr_par' dir='ltr' id='par_1_1' title="bbox 1067 195 1128 240">
     <span class='ocr_line' id='line_1_1' title="bbox 1067 195 1128 240; baseline 0 0"><span class='ocrx_word' id='word_1_1' title='bbox 1067 195 1128 240; x_wconf 87' lang='lat'><strong>28</strong></span> 
     </span>
    </p>
   </div>
   <div class='ocr_carea' id='block_1_2' title="bbox 285 332 1880 2757">
    <p class='ocr_par' dir='ltr' id='par_1_2' title="bbox 357 332 1880 1127">
     <span class='ocr_line' id='line_1_2' title="bbox 361 332 1880 396; baseline 0.001 -16"><span class='ocrx_word' id='word_1_2' title='bbox 361 349 605 381; x_wconf 79' lang='lat' dir='ltr'><strong>conamen</strong></span> <span class='ocrx_word' id='word_1_3' title='bbox 656 349 897 396; x_wconf 79' lang='lat' dir='ltr'><strong>prospere</strong></span> <span class='ocrx_word' id='word_1_4' title='bbox 950 333 1244 381; x_wconf 84' lang='lat' dir='ltr'><strong>successisse</strong></span> <span class='ocrx_word' id='word_1_5' title='bbox 1291 333 1538 381; x_wconf 90' lang='lat' dir='ltr'><strong>aoristo</strong></span> <span class='ocrx_word' id='word_1_6' title='bbox 1576 332 1880 396; x_wconf 84' lang='lat' dir='ltr'><strong>significatur</strong></span> 
     </span>
     <span class='ocr_line' id='line_1_3' title="bbox 363 414 1880 483; baseline 0.005 -22"><span class='ocrx_word' id='word_1_7' title='bbox 363 415 420 478; x_wconf 92' lang='lat' dir='ltr'><strong>(c.</strong></span> <span class='ocrx_word' id='word_1_8' title='bbox 465 431 546 476; x_wconf 81' lang='lat'><strong>93,</strong></span> <span class='ocrx_word' id='word_1_9' title='bbox 596 415 667 478; x_wconf 88' lang='lat'><strong>1):</strong></span> <span class='ocrx_word' id='word_1_10' title='bbox 708 420 887 465; x_wconf 79' lang='grc' dir='ltr'>τοιαῦτα</span> <span class='ocrx_word' id='word_1_11' title='bbox 925 419 948 465; x_wconf 76' lang='grc' dir='ltr'><em>ὁ</em></span> <span class='ocrx_word' id='word_1_12' title='bbox 988 414 1240 482; x_wconf 70' lang='grc' dir='ltr'>Παγώνδας</span> <span class='ocrx_word' id='word_1_13' title='bbox 1275 421 1363 475; x_wconf 87' lang='grc' dir='ltr'>τοῖς</span> <span class='ocrx_word' id='word_1_14' title='bbox 1395 421 1588 476; x_wconf 82' lang='grc' dir='ltr'>Βοιωτοῖς</span> <span class='ocrx_word' id='word_1_15' title='bbox 1619 417 1880 483; x_wconf 77' lang='grc' dir='ltr'>παραινέσας</span> 
     </span>
     <span class='ocr_line' id='line_1_4' title="bbox 359 493 1878 560; baseline -0.001 -14"><span class='ocrx_word' id='word_1_16' title='bbox 359 493 564 546; x_wconf 72' lang='grc' dir='ltr'>ἔπεισεν</span> <span class='ocrx_word' id='word_1_17' title='bbox 612 496 715 546; x_wconf 78' lang='grc' dir='ltr'>ἰέναι</span> <span class='ocrx_word' id='word_1_18' title='bbox 755 496 817 547; x_wconf 82' lang='grc' dir='ltr'><strong>ἐπὶ</strong></span> <span class='ocrx_word' id='word_1_19' title='bbox 857 493 957 556; x_wconf 78' lang='grc' dir='ltr'>τοὺς</span> <span class='ocrx_word' id='word_1_20' title='bbox 996 493 1247 556; x_wconf 77' lang='grc' dir='ltr'>Ἀθηναίους</span> <span class='ocrx_word' id='word_1_21' title='bbox 1285 496 1314 544; x_wconf 90' lang='lat' dir='ltr'><strong>i.</strong></span> <span class='ocrx_word' id='word_1_22' title='bbox 1337 513 1379 544; x_wconf 91' lang='lat' dir='ltr'><strong>e.</strong></span> <span class='ocrx_word' id='word_1_23' title='bbox 1422 496 1749 560; x_wconf 83' lang='lat' dir='ltr'><strong>persuasit.</strong></span> <span class='ocrx_word' id='word_1_24' title='bbox 1793 496 1878 544; x_wconf 85' lang='lat' dir='ltr'><strong>Ad</strong></span> 
     </span>
     <span class='ocr_line' id='line_1_5' title="bbox 359 577 1877 640; baseline 0.001 -16"><span class='ocrx_word' id='word_1_25' title='bbox 359 577 490 625; x_wconf 90' lang='lat' dir='ltr'><strong>idem</strong></span> <span class='ocrx_word' id='word_1_26' title='bbox 530 577 802 640; x_wconf 87' lang='lat' dir='ltr'><strong>imperfecti</strong></span> <span class='ocrx_word' id='word_1_27' title='bbox 833 594 993 639; x_wconf 83' lang='lat' dir='ltr'><strong>genus</strong></span> <span class='ocrx_word' id='word_1_28' title='bbox 1025 578 1272 640; x_wconf 91' lang='lat' dir='ltr'><strong>pertinere</strong></span> <span class='ocrx_word' id='word_1_29' title='bbox 1305 577 1422 624; x_wconf 92' lang='lat' dir='ltr'><strong>mihi</strong></span> <span class='ocrx_word' id='word_1_30' title='bbox 1453 577 1683 625; x_wconf 89' lang='lat' dir='ltr'><strong>videntur</strong></span> <span class='ocrx_word' id='word_1_31' title='bbox 1713 595 1773 625; x_wconf 90' lang='lat' dir='ltr'><strong>ea</strong></span> <span class='ocrx_word' id='word_1_32' title='bbox 1794 578 1877 626; x_wconf 91' lang='lat' dir='ltr'><strong>im-</strong></span> 
     </span>
     <span class='ocr_line' id='line_1_6' title="bbox 357 658 1877 724; baseline 0.001 -18"><span class='ocrx_word' id='word_1_33' title='bbox 357 659 577 721; x_wconf 88' lang='lat' dir='ltr'><strong>perfecta</strong></span> <span class='ocrx_word' id='word_1_34' title='bbox 613 660 789 723; x_wconf 90' lang='lat' dir='ltr'><strong>quibus</strong></span> <span class='ocrx_word' id='word_1_35' title='bbox 819 659 1123 722; x_wconf 86' lang='lat' dir='ltr'><strong>significatur</strong></span> <span class='ocrx_word' id='word_1_36' title='bbox 1155 660 1213 706; x_wconf 91' lang='lat' dir='ltr'><strong>in</strong></span> <span class='ocrx_word' id='word_1_37' title='bbox 1244 676 1314 707; x_wconf 88' lang='lat' dir='ltr'><strong>eo</strong></span> <span class='ocrx_word' id='word_1_38' title='bbox 1352 659 1554 707; x_wconf 87' lang='lat' dir='ltr'><strong>fuisse</strong></span> <span class='ocrx_word' id='word_1_39' title='bbox 1593 670 1655 707; x_wconf 87' lang='lat' dir='ltr'><strong>ut</strong></span> <span class='ocrx_word' id='word_1_40' title='bbox 1693 658 1877 724; x_wconf 87' lang='lat' dir='ltr'><strong>aliquid</strong></span> 
     </span>
     <span class='ocr_line' id='line_1_7' title="bbox 358 739 1877 805; baseline 0.001 -18"><span class='ocrx_word' id='word_1_41' title='bbox 358 739 512 799; x_wconf 90' lang='lat' dir='ltr'><strong>fieret,</strong></span> <span class='ocrx_word' id='word_1_42' title='bbox 566 741 700 804; x_wconf 92' lang='lat' dir='ltr'><strong>quod</strong></span> <span class='ocrx_word' id='word_1_43' title='bbox 740 741 921 788; x_wconf 89' lang='lat' dir='ltr'><strong>factum</strong></span> <span class='ocrx_word' id='word_1_44' title='bbox 961 741 1022 787; x_wconf 90' lang='lat' dir='ltr'><strong>sit</strong></span> <span class='ocrx_word' id='word_1_45' title='bbox 1060 757 1217 788; x_wconf 92' lang='lat' dir='ltr'><strong>necne</strong></span> <span class='ocrx_word' id='word_1_46' title='bbox 1256 741 1548 804; x_wconf 88' lang='lat' dir='ltr'><strong>imperfecto</strong></span> <span class='ocrx_word' id='word_1_47' title='bbox 1581 757 1680 788; x_wconf 94' lang='lat' dir='ltr'><strong>non</strong></span> <span class='ocrx_word' id='word_1_48' title='bbox 1720 742 1877 805; x_wconf 86' lang='lat' dir='ltr'><strong>expri-</strong></span> 
     </span>
     <span class='ocr_line' id='line_1_8' title="bbox 359 818 1878 890; baseline 0.003 -22"><span class='ocrx_word' id='word_1_49' title='bbox 359 821 520 881; x_wconf 84' lang='lat' dir='ltr'><strong>mitur,</strong></span> <span class='ocrx_word' id='word_1_50' title='bbox 559 821 697 869; x_wconf 87' lang='lat' dir='ltr'><strong>velut</strong></span> <span class='ocrx_word' id='word_1_51' title='bbox 736 822 832 868; x_wconf 93' lang='lat' dir='ltr'><strong>VII</strong></span> <span class='ocrx_word' id='word_1_52' title='bbox 877 836 956 883; x_wconf 86' lang='lat'><strong>71,</strong></span> <span class='ocrx_word' id='word_1_53' title='bbox 1004 836 1028 883; x_wconf 93' lang='lat'><em>7</em></span> <span class='ocrx_word' id='word_1_54' title='bbox 1070 823 1380 890; x_wconf 71' lang='grc' dir='ltr'>διαφθαρεισῶν</span> <span class='ocrx_word' id='word_1_55' title='bbox 1419 818 1505 890; x_wconf 69' lang='grc' dir='ltr'><strong>γὰρ</strong></span> <span class='ocrx_word' id='word_1_56' title='bbox 1541 832 1624 872; x_wconf 78' lang='grc' dir='ltr'><strong>τῶν</strong></span> <span class='ocrx_word' id='word_1_57' title='bbox 1657 832 1759 873; x_wconf 76' lang='grc' dir='ltr'>νεῶν</span> <span class='ocrx_word' id='word_1_58' title='bbox 1791 829 1878 885; x_wconf 88' lang='grc' dir='ltr'>τοῖς</span> 
     </span>
     <span class='ocr_line' id='line_1_9' title="bbox 357 899 1875 973; baseline 0.002 -21"><span class='ocrx_word' id='word_1_59' title='bbox 357 904 726 970; x_wconf 73' lang='grc' dir='ltr'>Λακεδαιμονίοις</span> <span class='ocrx_word' id='word_1_60' title='bbox 758 902 1224 971; x_wconf 77' lang='grc' dir='ltr'>προσαπώλλυντο</span> <span class='ocrx_word' id='word_1_61' title='bbox 1257 899 1402 963; x_wconf 75' lang='grc' dir='ltr'>αὐτοῖς</span> <span class='ocrx_word' id='word_1_62' title='bbox 1434 907 1509 953; x_wconf 82' lang='grc' dir='ltr'><strong>καὶ</strong></span> <span class='ocrx_word' id='word_1_63' title='bbox 1542 905 1580 953; x_wconf 89' lang='grc' dir='ltr'><strong>οἱ</strong></span> <span class='ocrx_word' id='word_1_64' title='bbox 1612 904 1653 953; x_wconf 83' lang='grc' dir='ltr'><strong>ἐν</strong></span> <span class='ocrx_word' id='word_1_65' title='bbox 1685 913 1739 973; x_wconf 81' lang='grc' dir='ltr'><strong>τῇ</strong></span> <span class='ocrx_word' id='word_1_66' title='bbox 1759 904 1875 972; x_wconf 74' lang='grc' dir='ltr'>νήσῳ</span> 
     </span>
     <span class='ocr_line' id='line_1_10' title="bbox 357 980 1876 1052; baseline 0 -19"><span class='ocrx_word' id='word_1_67' title='bbox 357 980 509 1051; x_wconf 75' lang='grc' dir='ltr'>ἄνδρες</span> <span class='ocrx_word' id='word_1_68' title='bbox 559 983 870 1052; x_wconf 76' lang='grc' dir='ltr'>διαβεβηκότες</span> <span class='ocrx_word' id='word_1_69' title='bbox 909 984 937 1031; x_wconf 91' lang='lat' dir='ltr'><strong>i.</strong></span> <span class='ocrx_word' id='word_1_70' title='bbox 961 1001 1002 1031; x_wconf 92' lang='lat' dir='ltr'><strong>e.</strong></span> <span class='ocrx_word' id='word_1_71' title='bbox 1046 983 1196 1031; x_wconf 89' lang='lat' dir='ltr'><strong>etiam</strong></span> <span class='ocrx_word' id='word_1_72' title='bbox 1235 983 1265 1031; x_wconf 94' lang='lat' dir='ltr'><strong>ii</strong></span> <span class='ocrx_word' id='word_1_73' title='bbox 1304 983 1386 1047; x_wconf 91' lang='lat' dir='ltr'><strong>qui</strong></span> <span class='ocrx_word' id='word_1_74' title='bbox 1425 983 1473 1031; x_wconf 91' lang='lat' dir='ltr'><strong>in</strong></span> <span class='ocrx_word' id='word_1_75' title='bbox 1511 982 1668 1032; x_wconf 91' lang='lat' dir='ltr'><strong>insula</strong></span> <span class='ocrx_word' id='word_1_76' title='bbox 1706 983 1876 1033; x_wconf 89' lang='lat' dir='ltr'><strong>inclusi</strong></span> 
     </span>
     <span class='ocr_line' id='line_1_11' title="bbox 359 1064 1103 1127; baseline 0.001 -16"><span class='ocrx_word' id='word_1_77' title='bbox 359 1074 500 1111; x_wconf 91' lang='lat' dir='ltr'><strong>erant</strong></span> <span class='ocrx_word' id='word_1_78' title='bbox 538 1064 799 1127; x_wconf 89' lang='lat' dir='ltr'><strong>perituri</strong></span> <span class='ocrx_word' id='word_1_79' title='bbox 839 1065 1103 1112; x_wconf 89' lang='lat' dir='ltr'><strong>fuerant.</strong></span> 
     </span>
    </p>

    <p class='ocr_par' dir='ltr' id='par_1_3' title="bbox 285 1145 1877 2428">
     <span class='ocr_line' id='line_1_12' title="bbox 429 1145 1874 1211; baseline 0.002 -19"><span class='ocrx_word' id='word_1_80' title='bbox 429 1145 573 1193; x_wconf 90' lang='lat' dir='ltr'><strong>Nunc</strong></span> <span class='ocrx_word' id='word_1_81' title='bbox 606 1162 857 1209; x_wconf 81' lang='lat' dir='ltr'><strong>exponam</strong></span> <span class='ocrx_word' id='word_1_82' title='bbox 890 1147 982 1193; x_wconf 89' lang='lat' dir='ltr'><strong>tria</strong></span> <span class='ocrx_word' id='word_1_83' title='bbox 1016 1145 1290 1209; x_wconf 90' lang='lat' dir='ltr'><strong>imperfecti</strong></span> <span class='ocrx_word' id='word_1_84' title='bbox 1313 1163 1517 1209; x_wconf 88' lang='lat' dir='ltr'><strong>genera,</strong></span> <span class='ocrx_word' id='word_1_85' title='bbox 1541 1164 1687 1210; x_wconf 91' lang='lat' dir='ltr'><strong>quae,</strong></span> <span class='ocrx_word' id='word_1_86' title='bbox 1710 1163 1874 1211; x_wconf 87' lang='lat' dir='ltr'><strong>aeque</strong></span> 
     </span>
     <span class='ocr_line' id='line_1_13' title="bbox 354 1227 1874 1291; baseline 0.002 -18"><span class='ocrx_word' id='word_1_87' title='bbox 354 1243 412 1273; x_wconf 88' lang='lat' dir='ltr'><strong>ac</strong></span> <span class='ocrx_word' id='word_1_88' title='bbox 445 1244 505 1274; x_wconf 88' lang='lat' dir='ltr'><strong>ea</strong></span> <span class='ocrx_word' id='word_1_89' title='bbox 535 1244 665 1290; x_wconf 88' lang='lat' dir='ltr'><strong>quae</strong></span> <span class='ocrx_word' id='word_1_90' title='bbox 690 1227 798 1291; x_wconf 90' lang='lat' dir='ltr'><strong>jam</strong></span> <span class='ocrx_word' id='word_1_91' title='bbox 832 1227 1170 1287; x_wconf 81' lang='lat' dir='ltr'><strong>tractavimus,</strong></span> <span class='ocrx_word' id='word_1_92' title='bbox 1202 1244 1263 1274; x_wconf 88' lang='lat' dir='ltr'><strong>ex</strong></span> <span class='ocrx_word' id='word_1_93' title='bbox 1283 1227 1556 1291; x_wconf 87' lang='lat' dir='ltr'><strong>imperfecti</strong></span> <span class='ocrx_word' id='word_1_94' title='bbox 1577 1228 1624 1276; x_wconf 90' lang='lat' dir='ltr'><strong>vi</strong></span> <span class='ocrx_word' id='word_1_95' title='bbox 1646 1229 1874 1276; x_wconf 89' lang='lat' dir='ltr'><strong>durativa</strong></span> 
     </span>
     <span class='ocr_line' id='line_1_14' title="bbox 354 1307 1873 1373; baseline 0.002 -19"><span class='ocrx_word' id='word_1_96' title='bbox 354 1307 565 1355; x_wconf 89' lang='lat' dir='ltr'><strong>derivari</strong></span> <span class='ocrx_word' id='word_1_97' title='bbox 616 1319 836 1372; x_wconf 88' lang='lat' dir='ltr'><strong>possunt,</strong></span> <span class='ocrx_word' id='word_1_98' title='bbox 892 1326 1100 1373; x_wconf 90' lang='lat' dir='ltr'><strong>quorum</strong></span> <span class='ocrx_word' id='word_1_99' title='bbox 1139 1319 1308 1357; x_wconf 89' lang='lat' dir='ltr'><strong>tamen</strong></span> <span class='ocrx_word' id='word_1_100' title='bbox 1348 1326 1489 1356; x_wconf 90' lang='lat' dir='ltr'><strong>usum</strong></span> <span class='ocrx_word' id='word_1_101' title='bbox 1527 1320 1632 1357; x_wconf 90' lang='lat' dir='ltr'><strong>tum</strong></span> <span class='ocrx_word' id='word_1_102' title='bbox 1671 1309 1873 1358; x_wconf 87' lang='lat' dir='ltr'><strong>demum</strong></span> 
     </span>
     <span class='ocr_line' id='line_1_15' title="bbox 354 1387 1872 1455; baseline 0.003 -20"><span class='ocrx_word' id='word_1_103' title='bbox 354 1387 485 1446; x_wconf 90' lang='lat' dir='ltr'><strong>clare</strong></span> <span class='ocrx_word' id='word_1_104' title='bbox 527 1389 894 1452; x_wconf 86' lang='lat' dir='ltr'><strong>perspiciemus,</strong></span> <span class='ocrx_word' id='word_1_105' title='bbox 937 1408 1046 1438; x_wconf 88' lang='lat' dir='ltr'><strong>cum</strong></span> <span class='ocrx_word' id='word_1_106' title='bbox 1088 1389 1350 1454; x_wconf 85' lang='lat' dir='ltr'><strong>diligenter</strong></span> <span class='ocrx_word' id='word_1_107' title='bbox 1387 1391 1643 1438; x_wconf 91' lang='lat' dir='ltr'><strong>nobiscum</strong></span> <span class='ocrx_word' id='word_1_108' title='bbox 1677 1402 1872 1455; x_wconf 89' lang='lat' dir='ltr'><strong>reputa-</strong></span> 
     </span>
     <span class='ocr_line' id='line_1_16' title="bbox 353 1470 1872 1536; baseline 0.003 -19"><span class='ocrx_word' id='word_1_109' title='bbox 353 1470 584 1528; x_wconf 89' lang='lat' dir='ltr'><strong>verimus,</strong></span> <span class='ocrx_word' id='word_1_110' title='bbox 646 1470 816 1520; x_wconf 92' lang='lat' dir='ltr'><strong>illam</strong></span> <span class='ocrx_word' id='word_1_111' title='bbox 873 1473 990 1520; x_wconf 89' lang='lat' dir='ltr'><strong>vim</strong></span> <span class='ocrx_word' id='word_1_112' title='bbox 1049 1472 1402 1535; x_wconf 87' lang='lat' dir='ltr'><strong>imperfecti</strong></span> <span class='ocrx_word' id='word_1_113' title='bbox 1458 1473 1872 1536; x_wconf 90' lang='lat' dir='ltr'><strong>parataticam</strong></span> 
     </span>
     <span class='ocr_line' id='line_1_17' title="bbox 353 1552 1873 1615; baseline 0.002 -17"><span class='ocrx_word' id='word_1_114' title='bbox 353 1552 605 1615; x_wconf 90' lang='lat' dir='ltr'><strong>proprie</strong></span> <span class='ocrx_word' id='word_1_115' title='bbox 676 1569 791 1600; x_wconf 91' lang='lat' dir='ltr'><strong>non</strong></span> <span class='ocrx_word' id='word_1_116' title='bbox 850 1554 1159 1601; x_wconf 91' lang='lat' dir='ltr'><strong>actionem</strong></span> <span class='ocrx_word' id='word_1_117' title='bbox 1216 1552 1389 1601; x_wconf 87' lang='lat' dir='ltr'><strong>verbi</strong></span> <span class='ocrx_word' id='word_1_118' title='bbox 1446 1554 1552 1601; x_wconf 91' lang='lat' dir='ltr'><strong>sed</strong></span> <span class='ocrx_word' id='word_1_119' title='bbox 1607 1554 1873 1602; x_wconf 89' lang='lat' dir='ltr'><strong>animum</strong></span> 
     </span>
     <span class='ocr_line' id='line_1_18' title="bbox 355 1633 1875 1702; baseline 0.003 -23"><span class='ocrx_word' id='word_1_120' title='bbox 355 1633 659 1680; x_wconf 88' lang='lat' dir='ltr'><strong>auditoris</strong></span> <span class='ocrx_word' id='word_1_121' title='bbox 697 1639 1060 1702; x_wconf 74' lang='grc' dir='ltr'>παρατείνειν,</span> <span class='ocrx_word' id='word_1_122' title='bbox 1102 1635 1129 1683; x_wconf 89' lang='lat' dir='ltr'><strong>i.</strong></span> <span class='ocrx_word' id='word_1_123' title='bbox 1172 1651 1213 1682; x_wconf 89' lang='lat' dir='ltr'><strong>e.</strong></span> <span class='ocrx_word' id='word_1_124' title='bbox 1256 1651 1376 1681; x_wconf 94' lang='lat' dir='ltr'><strong>non</strong></span> <span class='ocrx_word' id='word_1_125' title='bbox 1415 1652 1484 1683; x_wconf 93' lang='lat' dir='ltr'><strong>eo</strong></span> <span class='ocrx_word' id='word_1_126' title='bbox 1523 1635 1875 1698; x_wconf 90' lang='lat' dir='ltr'><strong>significari</strong></span> 
     </span>
     <span class='ocr_line' id='line_1_19' title="bbox 353 1714 1872 1780; baseline 0.002 -19"><span class='ocrx_word' id='word_1_127' title='bbox 353 1714 508 1762; x_wconf 91' lang='lat' dir='ltr'><strong>adeo</strong></span> <span class='ocrx_word' id='word_1_128' title='bbox 560 1716 826 1763; x_wconf 90' lang='lat' dir='ltr'><strong>actionis</strong></span> <span class='ocrx_word' id='word_1_129' title='bbox 878 1717 1209 1764; x_wconf 89' lang='lat' dir='ltr'><strong>continuae</strong></span> <span class='ocrx_word' id='word_1_130' title='bbox 1259 1717 1528 1780; x_wconf 89' lang='lat' dir='ltr'><strong>spatium</strong></span> <span class='ocrx_word' id='word_1_131' title='bbox 1569 1734 1744 1780; x_wconf 89' lang='lat' dir='ltr'><strong>quam</strong></span> <span class='ocrx_word' id='word_1_132' title='bbox 1784 1734 1872 1765; x_wconf 89' lang='lat' dir='ltr'><strong>re-</strong></span> 
     </span>
     <span class='ocr_line' id='line_1_20' title="bbox 354 1795 1870 1859; baseline 0.002 -16"><span class='ocrx_word' id='word_1_133' title='bbox 354 1796 511 1859; x_wconf 90' lang='lat' dir='ltr'><strong>quiri</strong></span> <span class='ocrx_word' id='word_1_134' title='bbox 540 1795 800 1844; x_wconf 89' lang='lat' dir='ltr'><strong>lectoris</strong></span> <span class='ocrx_word' id='word_1_135' title='bbox 830 1798 1244 1845; x_wconf 86' lang='lat' dir='ltr'><strong>attentionem</strong></span> <span class='ocrx_word' id='word_1_136' title='bbox 1275 1798 1718 1847; x_wconf 87' lang='lat' dir='ltr'><strong>continuatam.</strong></span> <span class='ocrx_word' id='word_1_137' title='bbox 1743 1799 1870 1846; x_wconf 89' lang='lat' dir='ltr'><strong>Cum</strong></span> 
     </span>
     <span class='ocr_line' id='line_1_21' title="bbox 285 1877 1871 1942; baseline 0.003 -19"><span class='ocrx_word' id='word_1_138' title='bbox 285 1877 290 1882; x_wconf 76' lang='grc'>’</span> <span class='ocrx_word' id='word_1_139' title='bbox 351 1877 497 1940; x_wconf 86' lang='lat' dir='ltr'><strong>igitur</strong></span> <span class='ocrx_word' id='word_1_140' title='bbox 548 1878 756 1942; x_wconf 86' lang='lat' dir='ltr'><strong>scriptor</strong></span> <span class='ocrx_word' id='word_1_141' title='bbox 805 1879 1150 1942; x_wconf 89' lang='lat' dir='ltr'><strong>imperfectum</strong></span> <span class='ocrx_word' id='word_1_142' title='bbox 1204 1879 1424 1936; x_wconf 90' lang='lat' dir='ltr'><strong>adhibet,</strong></span> <span class='ocrx_word' id='word_1_143' title='bbox 1475 1897 1537 1927; x_wconf 94' lang='lat' dir='ltr'><strong>eo</strong></span> <span class='ocrx_word' id='word_1_144' title='bbox 1570 1891 1743 1928; x_wconf 87' lang='lat' dir='ltr'><strong>monet</strong></span> <span class='ocrx_word' id='word_1_145' title='bbox 1779 1879 1871 1929; x_wconf 90' lang='lat' dir='ltr'><strong>lec-</strong></span> 
     </span>
     <span class='ocr_line' id='line_1_22' title="bbox 350 1961 1868 2025; baseline 0.003 -19"><span class='ocrx_word' id='word_1_146' title='bbox 350 1968 526 2016; x_wconf 91' lang='lat' dir='ltr'><strong>torem,</strong></span> <span class='ocrx_word' id='word_1_147' title='bbox 559 1970 612 2007; x_wconf 90' lang='lat' dir='ltr'><strong>ut</strong></span> <span class='ocrx_word' id='word_1_148' title='bbox 641 1961 808 2008; x_wconf 90' lang='lat' dir='ltr'><strong>animo</strong></span> <span class='ocrx_word' id='word_1_149' title='bbox 839 1961 1141 2025; x_wconf 89' lang='lat' dir='ltr'><strong>aliquamdiu</strong></span> <span class='ocrx_word' id='word_1_150' title='bbox 1176 1971 1395 2009; x_wconf 90' lang='lat' dir='ltr'><strong>moretur</strong></span> <span class='ocrx_word' id='word_1_151' title='bbox 1415 1962 1462 2009; x_wconf 93' lang='lat' dir='ltr'><strong>in</strong></span> <span class='ocrx_word' id='word_1_152' title='bbox 1485 1962 1623 2010; x_wconf 90' lang='lat' dir='ltr'><strong>verbi</strong></span> <span class='ocrx_word' id='word_1_153' title='bbox 1644 1963 1868 2024; x_wconf 85' lang='lat' dir='ltr'><strong>actione3</strong></span> 
     </span>
     <span class='ocr_line' id='line_1_23' title="bbox 350 2039 1870 2107; baseline 0.003 -20"><span class='ocrx_word' id='word_1_154' title='bbox 350 2039 398 2086; x_wconf 93' lang='lat' dir='ltr'><strong>id</strong></span> <span class='ocrx_word' id='word_1_155' title='bbox 455 2041 591 2103; x_wconf 89' lang='lat' dir='ltr'><strong>quod</strong></span> <span class='ocrx_word' id='word_1_156' title='bbox 639 2052 772 2089; x_wconf 88' lang='lat' dir='ltr'><strong>recte</strong></span> <span class='ocrx_word' id='word_1_157' title='bbox 825 2042 1266 2101; x_wconf 80' lang='lat' dir='ltr'><strong>GILDERSLEEVIUS,</strong></span> <span class='ocrx_word' id='word_1_158' title='bbox 1319 2060 1430 2090; x_wconf 88' lang='lat' dir='ltr'><strong>cum</strong></span> <span class='ocrx_word' id='word_1_159' title='bbox 1482 2043 1545 2091; x_wconf 93' lang='lat' dir='ltr'><strong>de</strong></span> <span class='ocrx_word' id='word_1_160' title='bbox 1595 2044 1870 2107; x_wconf 89' lang='lat' dir='ltr'><strong>imperfecti</strong></span> 
     </span>
     <span class='ocr_line' id='line_1_24' title="bbox 349 2120 1870 2188; baseline 0.003 -20"><span class='ocrx_word' id='word_1_161' title='bbox 349 2120 397 2168; x_wconf 89' lang='lat' dir='ltr'><strong>vi</strong></span> <span class='ocrx_word' id='word_1_162' title='bbox 429 2121 657 2169; x_wconf 90' lang='lat' dir='ltr'><strong>durativa</strong></span> <span class='ocrx_word' id='word_1_163' title='bbox 688 2123 807 2187; x_wconf 86' lang='lat' dir='ltr'><strong>agit,</strong></span> <span class='ocrx_word' id='word_1_164' title='bbox 831 2124 898 2171; x_wconf 91' lang='lat' dir='ltr'><strong>sic</strong></span> <span class='ocrx_word' id='word_1_165' title='bbox 919 2124 1147 2188; x_wconf 82' lang='lat' dir='ltr'><strong>exprimit</strong></span> <span class='ocrx_word' id='word_1_166' title='bbox 1168 2124 1230 2187; x_wconf 83' lang='lat'><strong>1):</strong></span> <span class='ocrx_word' id='word_1_167' title='bbox 1261 2154 1358 2182; x_wconf 79' lang='lat'><strong>‚,—</strong></span> <span class='ocrx_word' id='word_1_168' title='bbox 1379 2124 1480 2172; x_wconf 92' lang='lat' dir='ltr'><strong>the</strong></span> <span class='ocrx_word' id='word_1_169' title='bbox 1513 2135 1647 2173; x_wconf 91' lang='lat' dir='ltr'><strong>seat</strong></span> <span class='ocrx_word' id='word_1_170' title='bbox 1677 2125 1743 2173; x_wconf 93' lang='lat' dir='ltr'><strong>of</strong></span> <span class='ocrx_word' id='word_1_171' title='bbox 1768 2126 1870 2174; x_wconf 90' lang='lat' dir='ltr'><strong>the</strong></span> 
     </span>
     <span class='ocr_line' id='line_1_25' title="bbox 348 2202 1865 2271; baseline 0.003 -22"><span class='ocrx_word' id='word_1_172' title='bbox 348 2202 637 2250; x_wconf 88' lang='lat' dir='ltr'><strong>duration</strong></span> <span class='ocrx_word' id='word_1_173' title='bbox 689 2204 815 2267; x_wconf 92' lang='lat' dir='ltr'><strong>(has</strong></span> <span class='ocrx_word' id='word_1_174' title='bbox 866 2215 928 2252; x_wconf 92' lang='lat' dir='ltr'><strong>to</strong></span> <span class='ocrx_word' id='word_1_175' title='bbox 978 2206 1068 2268; x_wconf 92' lang='lat' dir='ltr'><strong>be)</strong></span> <span class='ocrx_word' id='word_1_176' title='bbox 1120 2216 1226 2268; x_wconf 90' lang='lat' dir='ltr'><strong>put</strong></span> <span class='ocrx_word' id='word_1_177' title='bbox 1265 2205 1464 2253; x_wconf 88' lang='lat' dir='ltr'><strong>where</strong></span> <span class='ocrx_word' id='word_1_178' title='bbox 1501 2206 1546 2254; x_wconf 92' lang='lat' dir='ltr'><strong>it</strong></span> <span class='ocrx_word' id='word_1_179' title='bbox 1585 2205 1865 2271; x_wconf 85' lang='lat' dir='ltr'><strong>belongs,</strong></span> 
     </span>
     <span class='ocr_line' id='line_1_26' title="bbox 349 2283 1877 2348; baseline 0.004 -18"><span class='ocrx_word' id='word_1_180' title='bbox 349 2283 401 2330; x_wconf 90' lang='lat' dir='ltr'><strong>in</strong></span> <span class='ocrx_word' id='word_1_181' title='bbox 450 2283 551 2331; x_wconf 90' lang='lat' dir='ltr'><strong>the</strong></span> <span class='ocrx_word' id='word_1_182' title='bbox 602 2301 711 2348; x_wconf 90' lang='lat' dir='ltr'><strong>eye</strong></span> <span class='ocrx_word' id='word_1_183' title='bbox 763 2286 828 2333; x_wconf 94' lang='lat' dir='ltr'><strong>of</strong></span> <span class='ocrx_word' id='word_1_184' title='bbox 871 2287 974 2334; x_wconf 92' lang='lat' dir='ltr'><strong>the</strong></span> <span class='ocrx_word' id='word_1_185' title='bbox 1011 2285 1330 2346; x_wconf 90' lang='lat' dir='ltr'><strong>beholder,</strong></span> <span class='ocrx_word' id='word_1_186' title='bbox 1365 2287 1420 2333; x_wconf 92' lang='lat' dir='ltr'><strong>in</strong></span> <span class='ocrx_word' id='word_1_187' title='bbox 1459 2288 1563 2335; x_wconf 89' lang='lat' dir='ltr'><strong>the</strong></span> <span class='ocrx_word' id='word_1_188' title='bbox 1601 2288 1780 2336; x_wconf 91' lang='lat' dir='ltr'><strong>heart</strong></span> <span class='ocrx_word' id='word_1_189' title='bbox 1818 2289 1877 2336; x_wconf 91' lang='lat' dir='ltr'><strong>of</strong></span> 
     </span>
     <span class='ocr_line' id='line_1_27' title="bbox 347 2365 1864 2428; baseline 0.003 -16"><span class='ocrx_word' id='word_1_190' title='bbox 347 2365 450 2412; x_wconf 92' lang='lat' dir='ltr'><strong>the</strong></span> <span class='ocrx_word' id='word_1_191' title='bbox 480 2367 916 2428; x_wconf 89' lang='lat' dir='ltr'><strong>sympathizer,</strong></span> <span class='ocrx_word' id='word_1_192' title='bbox 940 2368 1057 2415; x_wconf 89' lang='lat' dir='ltr'><strong>and</strong></span> <span class='ocrx_word' id='word_1_193' title='bbox 1084 2378 1187 2415; x_wconf 90' lang='lat' dir='ltr'><strong>not</strong></span> <span class='ocrx_word' id='word_1_194' title='bbox 1208 2368 1262 2414; x_wconf 92' lang='lat' dir='ltr'><strong>in</strong></span> <span class='ocrx_word' id='word_1_195' title='bbox 1284 2368 1387 2415; x_wconf 89' lang='lat' dir='ltr'><strong>the</strong></span> <span class='ocrx_word' id='word_1_196' title='bbox 1408 2369 1617 2416; x_wconf 85' lang='lat' dir='ltr'><strong>action</strong></span> <span class='ocrx_word' id='word_1_197' title='bbox 1638 2368 1864 2418; x_wconf 77' lang='lat' dir='ltr'><strong>itself&#39;.</strong></span> 
     </span>
    </p>

    <p class='ocr_par' dir='ltr' id='par_1_4' title="bbox 347 2446 1864 2757">
     <span class='ocr_line' id='line_1_28' title="bbox 421 2446 1863 2511; baseline 0.003 -18"><span class='ocrx_word' id='word_1_198' title='bbox 421 2446 534 2493; x_wconf 89' lang='lat' dir='ltr'><strong>Hoc</strong></span> <span class='ocrx_word' id='word_1_199' title='bbox 572 2464 683 2494; x_wconf 89' lang='lat' dir='ltr'><strong>cum</strong></span> <span class='ocrx_word' id='word_1_200' title='bbox 723 2447 1057 2511; x_wconf 83' lang='lat' dir='ltr'><strong>neglexissent</strong></span> <span class='ocrx_word' id='word_1_201' title='bbox 1097 2448 1235 2495; x_wconf 87' lang='lat' dir='ltr'><strong>multi</strong></span> <span class='ocrx_word' id='word_1_202' title='bbox 1272 2449 1360 2496; x_wconf 89' lang='lat' dir='ltr'><strong>viri</strong></span> <span class='ocrx_word' id='word_1_203' title='bbox 1395 2449 1527 2497; x_wconf 90' lang='lat' dir='ltr'><strong>docti</strong></span> <span class='ocrx_word' id='word_1_204' title='bbox 1559 2461 1863 2509; x_wconf 89' lang='lat' dir='ltr'><strong>erraverunt,</strong></span> 
     </span>
     <span class='ocr_line' id='line_1_29' title="bbox 348 2527 1864 2594; baseline 0.004 -21"><span class='ocrx_word' id='word_1_205' title='bbox 348 2527 481 2589; x_wconf 87' lang='lat' dir='ltr'><strong>quod</strong></span> <span class='ocrx_word' id='word_1_206' title='bbox 512 2527 724 2591; x_wconf 90' lang='lat' dir='ltr'><strong>exempli</strong></span> <span class='ocrx_word' id='word_1_207' title='bbox 756 2530 918 2592; x_wconf 85' lang='lat' dir='ltr'><strong>gratia</strong></span> <span class='ocrx_word' id='word_1_208' title='bbox 948 2529 1118 2589; x_wconf 87' lang='lat' dir='ltr'><strong>affero,</strong></span> <span class='ocrx_word' id='word_1_209' title='bbox 1148 2530 1193 2576; x_wconf 95' lang='lat' dir='ltr'><strong>in</strong></span> <span class='ocrx_word' id='word_1_210' title='bbox 1218 2529 1512 2592; x_wconf 89' lang='lat' dir='ltr'><strong>explicando</strong></span> <span class='ocrx_word' id='word_1_211' title='bbox 1529 2548 1617 2578; x_wconf 91' lang='lat' dir='ltr'><strong>usu</strong></span> <span class='ocrx_word' id='word_1_212' title='bbox 1637 2531 1864 2594; x_wconf 90' lang='lat' dir='ltr'><strong>frequen-</strong></span> 
     </span>
     <span class='ocr_line' id='line_1_30' title="bbox 347 2607 1863 2676; baseline 0.004 -22"><span class='ocrx_word' id='word_1_213' title='bbox 347 2607 534 2655; x_wconf 89' lang='lat' dir='ltr'><strong>tissimo</strong></span> <span class='ocrx_word' id='word_1_214' title='bbox 565 2608 837 2671; x_wconf 89' lang='lat' dir='ltr'><strong>imperfecti</strong></span> <span class='ocrx_word' id='word_1_215' title='bbox 869 2610 1007 2657; x_wconf 91' lang='lat' dir='ltr'><strong>verbi</strong></span> <span class='ocrx_word' id='word_1_216' title='bbox 1037 2608 1315 2669; x_wconf 75' lang='grc' dir='ltr'>κελεύειν,</span> <span class='ocrx_word' id='word_1_217' title='bbox 1353 2612 1436 2676; x_wconf 89' lang='lat' dir='ltr'><strong>qui</strong></span> <span class='ocrx_word' id='word_1_218' title='bbox 1468 2629 1590 2660; x_wconf 87' lang='lat' dir='ltr'><strong>sane</strong></span> <span class='ocrx_word' id='word_1_219' title='bbox 1611 2613 1863 2660; x_wconf 89' lang='lat' dir='ltr'><strong>mirandus</strong></span> 
     </span>
     <span class='ocr_line' id='line_1_31' title="bbox 347 2688 1858 2757; baseline 0.004 -22"><span class='ocrx_word' id='word_1_220' title='bbox 347 2699 449 2748; x_wconf 71' lang='lat' dir='ltr'><strong>est,</strong></span> <span class='ocrx_word' id='word_1_221' title='bbox 483 2688 692 2752; x_wconf 86' lang='lat' dir='ltr'><strong>simplex</strong></span> <span class='ocrx_word' id='word_1_222' title='bbox 726 2691 855 2738; x_wconf 90' lang='lat' dir='ltr'><strong>enim</strong></span> <span class='ocrx_word' id='word_1_223' title='bbox 871 2692 1064 2755; x_wconf 90' lang='lat' dir='ltr'><strong>jussum</strong></span> <span class='ocrx_word' id='word_1_224' title='bbox 1086 2693 1273 2756; x_wconf 88' lang='lat' dir='ltr'><strong>quippe</strong></span> <span class='ocrx_word' id='word_1_225' title='bbox 1296 2694 1431 2757; x_wconf 91' lang='lat' dir='ltr'><strong>quod</strong></span> <span class='ocrx_word' id='word_1_226' title='bbox 1453 2704 1858 2742; x_wconf 88' lang='lat' dir='ltr'><strong>momentaneum</strong></span> 
     </span>
    </p>
   </div>
   <div class='ocr_carea' id='block_1_3' title="bbox 346 2799 594 2806">
    <p class='ocr_par' dir='ltr' id='par_1_5' title="bbox 346 2799 594 2806">
     <span class='ocr_line' id='line_1_32' title="bbox 346 2799 594 2806; baseline 0 0"><span class='ocrx_word' id='word_1_227' title='bbox 346 2799 594 2806; x_wconf 95' lang='lat' dir='ltr'><strong> </strong></span> 
     </span>
    </p>
   </div>
   <div class='ocr_carea' id='block_1_4' title="bbox 399 2870 1089 2918">
    <p class='ocr_par' dir='ltr' id='par_1_6' title="bbox 399 2870 1089 2918">
     <span class='ocr_line' id='line_1_33' title="bbox 399 2870 1089 2918; baseline 0.001 -14"><span class='ocrx_word' id='word_1_228' title='bbox 399 2870 431 2914; x_wconf 89' lang='lat'><strong>1)</strong></span> <span class='ocrx_word' id='word_1_229' title='bbox 458 2872 500 2905; x_wconf 76' lang='lat' dir='ltr'><strong>A,</strong></span> <span class='ocrx_word' id='word_1_230' title='bbox 526 2872 555 2916; x_wconf 89' lang='lat' dir='ltr'><strong>J.</strong></span> <span class='ocrx_word' id='word_1_231' title='bbox 586 2872 620 2905; x_wconf 88' lang='lat' dir='ltr'><strong>P.</strong></span> <span class='ocrx_word' id='word_1_232' title='bbox 650 2873 771 2907; x_wconf 89' lang='lat' dir='ltr'>XXIII</span> <span class='ocrx_word' id='word_1_233' title='bbox 799 2872 924 2918; x_wconf 87' lang='lat'>(1902)</span> <span class='ocrx_word' id='word_1_234' title='bbox 951 2884 984 2917; x_wconf 91' lang='lat' dir='ltr'><strong>p.</strong></span> <span class='ocrx_word' id='word_1_235' title='bbox 1011 2880 1089 2917; x_wconf 85' lang='lat'>251.</span> 
     </span>
    </p>
   </div>
  </div>
 </body>
</html>
