2119 3342
1090 189 1150 237 52

369 322 502 371 hisce
570 330 762 370 tantum
831 319 1026 368 duobus
1095 317 1214 366 locis
1281 317 1483 382 legitur:
1556 315 1628 363 IV
1697 317 1779 377 85,
1854 330 1878 361 2

369 406 705 472 ἠλπίσαμεν,
754 401 840 465 qui
889 418 991 449 aor.
1033 410 1108 448 est
1146 399 1468 456 constativus,
1510 414 1608 462 quo
1649 395 1884 444 Brasidas

370 486 585 534 breviter
665 483 941 532 Acanthios
1018 491 1188 530 monet
1255 478 1685 529 Lacedaemonios
1750 476 1885 524 initio

369 567 484 615 belli
532 583 760 630 sperasse
810 565 1078 629 quidem..
1105 603 1114 612 .
1141 603 1168 622 .,
1223 580 1336 612 eam
1392 572 1558 610 autem
1611 576 1753 623 spem
1782 554 1888 607 ‘eos

373 647 600 697 fefellisse
645 648 779 712 (spes
818 655 1123 694 memoratur
1161 655 1370 705 tantum,
1410 660 1510 691 non
1549 640 1885 704 describitur);

376 730 422 777 V
476 744 520 792 7,
572 746 598 792 3
650 731 691 790 ἐς
737 727 892 797 μάχην
941 727 1020 796 μὲν
1071 725 1156 796 ’γὰρ
1208 725 1306 778 οὐδὲ
1343 725 1568 782 ἤλπισέν
1611 726 1648 774 οἱ
1685 722 1889 784 ἐπεξιέναι

376 810 533 864 οὐδένα
587 811 818 874 „omnino
870 827 968 858 non
1019 809 1326 873 exspectavit
1375 822 1680 872 quemquam
1718 821 1887 852 secum

376 911 599 958 pugnam
637 890 1073 941 commissurum‘':
1116 889 1301 938 aoristo
1334 888 1638 953 significatur
1670 903 1732 934 ne
1758 885 1891 934 mini-

377 993 511 1025 mam
550 975 750 1040 quidem
788 973 1213 1037 exspectationem
1251 971 1297 1018 in
1337 969 1527 1019 Cleone
1566 969 1728 1017 fuisse.

449 1057 680 1106 Tandem
737 1055 921 1120 aliquid
979 1054 1242 1102 dicendum
1293 1063 1368 1101 est
1419 1052 1482 1100 de
1529 1051 1663 1099 hisce
1712 1049 1892 1109 verbis,

380 1155 590 1204 quorum
640 1138 859 1186 omnium
898 1135 1031 1200 apud
1071 1145 1293 1183 nostrum
1334 1144 1541 1199 propter
1579 1133 1680 1181 vim
1720 1148 1893 1180 eorum

380 1221 656 1270 durativam
688 1218 853 1284 plures
884 1217 1223 1283 praesenticae
1254 1233 1405 1281 quam
1426 1215 1685 1264 aoristicae
1704 1214 1894 1262 formae

382 1303 719 1351 inveniuntur:
792 1298 1101 1369 α’κμεὶζειν,
1174 1301 1313 1359 δεῖν,
1389 1300 1623 1358 δεῖσθαι,
1699 1298 1892 1368 δῃοῦν,

382 1382 675 1445 δύνασθαι,
734 1387 976 1442 Θεᾶσθαι,
1037 1385 1280 1450 θεωρεῖν,
1320 1376 1665 1449 Θεραπεύειν,
1722 1375 1896 1446 μάχε-

384 1471 535 1525 σθαι,
573 1467 828 1535 μέλλειν,
866 1467 1181 1532 πειρᾶσθαι,
1214 1459 1562 1531 πορεύεσθαι.
1594 1460 1674 1509 De
1695 1457 1897 1523 singulis

385 1566 544 1614 pauca
582 1548 757 1596 dicam.

454 1630 607 1679 Verbi
646 1626 948 1697 α’κμοίζειν,
997 1624 1327 1687 ‚,florere’‘‚
1368 1641 1468 1688 quo
1506 1640 1703 1687 semper
1741 1632 1898 1671 status

387 1714 627 1762 indicatur
684 1713 744 1775 (ἐν
795 1710 922 1781 οἷκμῇ
969 1708 1108 1773 εἶναι),
1160 1706 1508 1756 tantummodo
1558 1704 1900 1770 praesenticae,

387 1796 593 1854 formae,
646 1795 693 1842 in
746 1793 922 1857 quibus
977 1809 1000 1839 2
1051 1790 1185 1854 impf.
1240 1789 1354 1853 (VII
1402 1805 1477 1849 12,
1521 1804 1579 1849 33
1622 1791 1702 1849 63,
1744 1787 1795 1850 4)
1833 1786 1899 1833 in·

387 1878 661 1927 veniuntur.

458 1957 612 2007 Verbi
632 1961 687 2009 δε
705 1964 722 2007 ῖ
727 1978 749 2008 ν
771 1954 1047 2021 permultae
1069 1954 1258 2003 formae
1279 1951 1634 2017 praesenticae,
1657 1950 1703 1998 in
1726 1949 1902 2014 quibus

390 2058 632 2107 persaepe
689 2039 1045 2103 imperfectum,
1097 2036 1423 2094 inveniuntur,
1477 2043 1648 2082 contra
1693 2031 1902 2080 aoristus

391 2124 584 2172 duobus
621 2131 814 2170 tantum
852 2119 972 2168 locis
1010 2118 1212 2183 legitur3
1253 2118 1389 2182 cujus
1427 2117 1495 2164 rei
1526 2132 1677 2163 causa
1707 2113 1904 2162 videtur

393 2204 527 2269 quod
565 2204 669 2251 fere
709 2219 906 2266 semper
945 2201 1233 2265 designatur
1270 2198 1454 2262 aliquid
1495 2197 1628 2262 quod
1669 2194 1903 2259 aliquam-

393 2287 473 2335 diu
532 2302 683 2349 opus
740 2301 896 2343 esse,
955 2283 1210 2342 debere,
1269 2290 1556 2343 oportere
1615 2277 1904 2342 fingendum

395 2378 483 2416 est.
539 2367 644 2414 Ind.
698 2383 799 2415 aor.
849 2365 1027 2430 legitur
1077 2362 1425 2412 tantummodo
1478 2362 1521 2409 II
1576 2374 1654 2424 77,
1711 2374 1735 2422 5
1785 2365 1905 2410 τοῦτο

397 2450 445 2513 (i.
481 2465 524 2496 e.
577 2448 624 2498 τὸ
669 2449 778 2517 πῦρ)
826 2447 873 2498 δὲ
917 2446 1034 2515 μέγα
1082 2467 1124 2496 τε
1157 2440 1209 2501 ἦν
1249 2449 1324 2495 καὶ
1361 2442 1459 2504 τοὺς
1496 2447 1724 2502 Πλαταιᾶς
1759 2434 1906 2493 τᾶλλα

396 2529 687 2598 διαφυγόντας
757 2530 984 2596 ἐλαχίστου
1050 2526 1236 2585 ἐδέησε
1296 2529 1536 2593 διαφθεῖραι
1594 2524 1621 2572 i.
1645 2541 1687 2572 e.
1746 2539 1906 2586 paene

397 2610 635 2675 perdidit:
689 2610 872 2658 aoristo
912 2608 1197 2672 exprimitur
1235 2624 1445 2671 parvum
1484 2604 1744 2653 discrimen
1782 2604 1904 2667 (aor.

398 2693 672 2755 moment).

470 2773 622 2822 Verbi
646 2772 940 2836 deponentis
969 2774 1186 2823 δεῖσθαι
1215 2768 1580 2833 „indigere''‚
1611 2766 1905 2831 ‚,rogare”,

408 2856 673 2917 „orare’'‚
732 2856 847 2903 item
899 2853 1053 2902 multo
1098 2853 1261 2918 plures
1313 2851 1651 2917 praesenticae
1699 2850 1904 2908 formae,
