2119 3342
886 190 949 248 89

255 330 600 394 Compositum
644 326 1020 397 προσάγεσθαι
1060 343 1159 374 uno
1197 325 1545 374 tantummodo
1583 322 1694 372 loco

181 413 281 460 vim
320 412 601 460 conativam
639 411 826 458 habere
864 409 1075 468 videtur,
1116 424 1297 471 nempe
1329 407 1375 454 V
1419 410 1499 466 82,
1536 420 1560 467 5
1598 410 1622 455 ὁ
1651 405 1698 455 δὲ

182 495 324 561 δῆμος
374 503 454 544 τῶν
506 489 716 560 Ἀργείων,
759 488 1023 558 φοβούμενος
1061 487 1158 548 τοὺς
1196 490 1574 554 Λακεδαιμονίους
1621 490 1696 536 καὶ

180 574 257 631 τὴν
288 585 370 624 τῶν
403 571 637 631 Ἀθηναίων
677 576 941 639 ξυμμαχίαν
979 568 1108 621 πάλιν
1147 568 1566 636 προσαγόμενος
1601 571 1695 617 κτλ.

180 656 209 704 i.
232 673 274 704 e.
324 653 730 717 „Atheniensium
773 652 1062 699 societatem
1101 649 1267 698 denuo
1306 649 1395 696 sibi
1435 647 1696 696 conciliare

181 735 416 800 cupiens”
457 733 629 798 (schol.
670 744 803 782 recte
842 729 1158 800 οἰκειούμενος).

254 816 528 880 Compositi
566 813 792 882 ὑπάγειν
831 813 1175 878 imperfectum
1214 811 1263 860 vi
1295 810 1526 859 conativa
1557 826 1696 874 prae-

182 899 337 947 ditum
382 897 561 961 legitur
611 896 730 943 VIII
788 911 863 953 10,
918 912 941 942 2
996 899 1070 945 καὶ
1122 891 1266 953 αὐτοῖς
1315 895 1354 943 οἱ
1396 889 1610 949 Ἀθηναῖοι
1648 892 1694 940 τὸ

180 990 343 1048 πρῶτον
382 985 493 1039 ἴσαις
530 982 655 1029 ναυσὶ
695 974 1057 1044 προσπλεύσαντες
1097 976 1305 1042 ὑπῆγον
1344 975 1385 1033 ἐς
1421 973 1467 1023 τὸ
1505 972 1697 1040 πέλαγος

181 1061 209 1109 i.
233 1078 276 1109 e.
338 1059 411 1122 „in
451 1058 604 1107 altum
643 1076 731 1107 eos
771 1057 945 1106 elicere
983 1054 1323 1104 conabantur’'
1366 1053 1695 1118 („—suchten

180 1141 250 1189 sie
300 1141 374 1188 ins
424 1140 556 1188 offne
608 1140 749 1188 Meer
798 1137 922 1205 [zum
969 1135 1183 1203 Treffen]
1237 1132 1695 1184 hervorzulocken'’

183 1221 296 1286 CL),
346 1223 480 1286 quod
531 1238 772 1270 conamen
812 1220 997 1267 irritum
1036 1218 1255 1266 evasisse
1294 1226 1504 1280 apparet
1541 1233 1602 1263 ex
1641 1215 1697 1262 iis

181 1321 312 1367 quae
362 1313 659 1367 sequuntur:
711 1305 769 1362 ὡς
821 1298 861 1352 δ’
899 1303 962 1352 ἐπὶ
999 1298 1106 1352 πολὺ
1147 1297 1226 1349 οὐκ
1263 1294 1618 1357 ἐπηκολούθησαν
1657 1299 1696 1347 οἱ

180 1386 509 1441 Πελοποννήσιοι
548 1389 641 1435 κτλ.

250 1466 404 1515 Verbi
460 1465 683 1517 διδόναι
732 1463 1149 1528 praesenticarum
1186 1460 1456 1508 formarum
1496 1459 1696 1523 propria

181 1548 474 1613 significatio
507 1557 582 1596 est
621 1544 939 1610 ‚‚praebere'’,
983 1542 1248 1605 „offerre’';
1284 1542 1494 1590 aoristus
1527 1550 1694 1588 autern

181 1631 370 1694 (δοῦναι)
404 1630 509 1694 ejus
546 1628 753 1676 actionis
793 1637 1028 1675 eventum
1067 1625 1276 1672 indicat:
1325 1621 1525 1681 ‚‚dare'’,
1573 1632 1695 1680 „tra-

181 1711 349 1761 dere’'.
390 1711 468 1759 Ea
506 1710 737 1758 thematis
777 1707 1069 1772 praesentici
1107 1704 1417 1769 significatio,
1458 1704 1496 1750 si
1529 1702 1695 1750 aoristi

181 1794 255 1842 vis
294 1793 522 1841 effectiva
559 1791 828 1855 respicitur,
870 1790 961 1836 dici
994 1787 1176 1851 poterit
1207 1784 1526 1846 conativa3
1557 1784 1695 1848 cujus

181 1874 552 1938 significationis
620 1872 876 1936 pulchrum
945 1868 1227 1933 exemplum
1296 1867 1496 1915 exhibet
1558 1865 1696 1914 locus

182 1957 473 2005 Homericus
522 1954 575 2003 Il.
630 1955 648 2001 Ι
701 1972 773 2002 vs.
831 1957 929 2000 260
972 1969 1046 2015 sq.
1086 1953 1149 2002 σοὶ
1188 1947 1229 2001 δ’
1268 1947 1551 2017 Ἀγαμέμνων
1590 1945 1696 2008 ἄξια

182 2040 303 2106 δῶρα
350 2039 542 2088 δίδωσι
591 2036 916 2104 μεταλλήξαντι
964 2033 1114 2102 χόλοιο
1165 2032 1193 2080 i.
1217 2048 1259 2079 e.
1309 2030 1470 2092 „dona
1509 2028 1696 2076 offert

180 2119 267 2167 tibi
318 2118 445 2167 etc.''
496 2117 843 2181 Imperfectum
894 2115 960 2163 sic
1010 2115 1085 2161 bis
1128 2112 1262 2177 apud
1299 2122 1522 2159 nostrum
1562 2126 1695 2157 usur-

182 2211 353 2264 patur:
404 2200 521 2246 VIII
578 2215 656 2259 29,
711 2215 734 2245 2
788 2199 829 2257 ἐς
880 2193 965 2265 γὰρ
1013 2195 1131 2247 πέντε
1170 2200 1278 2254 ναῦς
1317 2197 1393 2243 καὶ
1431 2192 1699 2247 πεντήκοντα

182 2281 413 2352 τριάκοντα
448 2280 646 2332 τάλαντα
684 2281 869 2331 ἐδίδου
908 2284 982 2329 τοῦ
1020 2276 1158 2346 μηνός
1189 2274 1413 2340 (singulis
1444 2273 1696 2322 mensibus

184 2364 231 2412 in
287 2374 542 2428 posterum
597 2379 658 2410 se
716 2369 1173 2408 numeraturum
1231 2356 1572 2421 promisit)·
1622 2359 1696 2405 καὶ

183 2452 269 2505 τοῖς
319 2443 469 2505 ἄλλοις
507 2473 574 2480 —-
613 2440 727 2493 κατὰ
782 2442 852 2492 τὸν
909 2439 1037 2492 αὐτὸν
1094 2440 1222 2507 λόγον
1275 2440 1488 2489 ἐδίδοτο
1539 2434 1697 2500 (simili

185 2525 578 2591 significatione).
620 2524 721 2572 Sed
760 2524 826 2571 IV
871 2526 950 2584 83,
994 2526 1052 2584 63
1091 2522 1187 2568 VII
1232 2523 1313 2582 87,
1358 2536 1411 2579 ‘23
1452 2519 1571 2566 VIII
1616 2522 1695 2580 36,

193 2625 246 2669 13
298 2612 378 2668 69,
432 2624 455 2654 2
510 2606 853 2670 imperfectum
904 2614 980 2652 est
1018 2603 1298 2651 iterativum
1339 2598 1695 2664 („identidem'’

185 2690 290 2738 sive
335 2687 568 2753 „singulis
601 2686 790 2750 dare”).
830 2687 1010 2733 Tribus
1048 2694 1216 2733 autem
1249 2682 1368 2730 Iocis
1402 2681 1516 2744 (VII
1552 2697 1632 2742 32,
1676 2696 1692 2726 1

187 2767 510 2839 Ἀκραγαντῖνοι
548 2765 632 2837 γὰρ
683 2766 778 2818 οὐκ
828 2769 1090 2818 ἐδίδοσαν
1142 2761 1216 2815 διὰ
1254 2772 1330 2822 τῆς
1368 2766 1531 2813 ἑαυτῶν
1570 2761 1698 2821 ὁδόνς

187 2850 290 2897 VIII
330 2853 375 2912 8,
424 2867 440 2897 1
486 2848 610 2901 οὐδὲ
648 2846 701 2900 τὰ
739 2849 956 2917 χρήματα
987 2848 1248 2898 ἐδίδοσαν
1283 2838 1312 2894 ἃ
1346 2838 1477 2898 ἦλθον
1510 2839 1701 2911 ἕχοντεςς

1599 2940 1621 2974 9
