2119 3342
887 191 949 239 53

168 319 215 367 in
266 319 442 383 quibus
493 318 647 367 multa
684 320 986 384 imperfecta,
1028 338 1177 384 quam
1218 320 1475 369 aoristicae
1514 338 1677 369 occur·

167 410 292 449 runt.
346 401 642 449 Indicativus
695 402 862 450 aoristi
906 403 1254 450 tantummodo
1307 403 1382 451 bis
1424 403 1463 467 (I
1508 416 1587 465 27,
1635 403 1680 466 2)

166 480 361 546 legitur,
401 482 463 530 de
501 481 676 545 quibus
713 480 832 530 locis
870 483 994 531 infra
1033 485 1080 547 (ἓ
1121 485 1169 547 6)
1209 484 1411 532 dicetur.

239 562 514 627 Compositi
545 562 745 614 α’ποδεῑ
751 584 772 614 ν
804 563 867 612 nil
889 565 978 612 nisi
999 575 1123 628 part.
1148 582 1308 628 praeS.
1325 566 1438 629 (bis)
1456 565 1676 614 occurrit.

238 643 640 709 Compositorum
690 648 952 714 προσδεῖν
1012 646 1242 709 „insuper
1284 664 1409 710 opus
1448 646 1590 695 esse”
1631 657 1681 695 et

166 728 536 794 προσδεῖσδαι
585 727 811 790 „insuper
849 727 1033 791 egere”
1073 729 1420 776 tantummodo
1450 745 1679 792 praesen-

166 807 292 856 ticae
324 807 528 869 formae,
563 808 610 855 in
647 809 824 873 quibus
845 808 998 858 semel
1019 810 1298 873 iterumque
1318 810 1678 875 imperfectum,

169 888 443 938 Occurrunt.

240 971 393 1020 Verbi
431 975 598 1041 δῃοῦν
646 972 994 1037 „populari”
1037 974 1173 1037 impf.
1219 986 1278 1035 27
1322 974 1545 1034 occurrit,
1580 991 1680 1038 quo

166 1053 456 1117 imperfecto
513 1053 783 1117 populandi
839 1055 969 1103 actio
1021 1055 1309 1103 continuata
1363 1056 1678 1120 exprimitur,

169 1135 379 1183 aoristus
433 1134 611 1199 legitur
668 1136 749 1184 ubi
807 1135 1080 1200 populatio,
1139 1154 1443 1201 quamquam
1503 1138 1680 1186 diutius

169 1217 469 1277 continuata,
505 1217 663 1266 obiter
693 1228 995 1266 memoratur
1016 1219 1139 1282 (aor.
1162 1218 1678 1283 constat.-complex.),

167 1296 304 1346 velut
343 1298 414 1345 IV
447 1313 529 1361 45,
570 1316 585 1347 Ι
627 1301 700 1350 καὶ
732 1298 1094 1369 καθορμισοῖμενοι
1122 1300 1201 1355 τήν
1230 1321 1271 1351 τε
1304 1309 1386 1368 γῆν
1426 1301 1680 1370 ἐδῄωσαν

169 1383 243 1430 καὶ
290 1379 367 1437 τὴν
415 1377 552 1431 νύκτα
598 1379 857 1443 ηὐλίσαντο,
909 1382 974 1429 ΙΙΙ
1029 1385 1108 1442 26,
1165 1397 1190 1443 3
1231 1383 1483 1451 ἐδῄωσαν
1523 1381 1570 1433 δὲ
1607 1391 1682 1443 τῆς

172 1458 362 1522 Ἀττικῆς
399 1460 456 1512 ‘roc'
489 1484 530 1513 τε
567 1464 765 1532 πρότερον
804 1463 1052 1531 τετμημένα
1091 1468 1216 1514 κτλ.;
1259 1481 1564 1527 quamquam
1605 1464 1681 1512 hie

170 1541 504 1606 populationis
536 1545 720 1592 mentio
754 1544 822 1602 fit,
858 1562 987 1609 quae
1019 1562 1049 1593 a
1076 1545 1486 1593 Lacedaemoniis
1507 1563 1682 1608 agrurn

170 1624 390 1672 Atticum
452 1625 728 1675 incursione
790 1627 1132 1679 infestantibus
1194 1628 1373 1676 diutius
1422 1629 1680 1692 agebatur,

170 1716 338 1754 tamen
378 1723 481 1755 aor.
522 1708 797 1769 adhibetur,
839 1709 954 1773 quia
992 1709 1116 1757 haec
1154 1711 1312 1779 ἐσβσλή
1348 1709 1563 1757 breviter
1600 1709 1683 1757 ab·

170 1785 376 1835 solvitur
405 1790 526 1852 (aor.
562 1789 844 1854 complex.).
880 1791 982 1839 Ind.
1016 1808 1119 1839 aor.
1146 1791 1348 1839 omnino
1378 1807 1434 1852 13
1459 1791 1680 1840 occurrit.

241 1869 393 1918 Verbi
449 1869 721 1923 δύνασθαι
780 1872 911 1936 impf.
971 1889 1033 1933 42
1096 1873 1316 1931 occurrit,
1370 1889 1522 1936 saepe
1573 1890 1682 1920 cum

172 1951 439 2015 negatione
486 1954 800 2017 conjunctum
821 1954 855 2018 l)
905 1952 1041 2002 velut
1092 1954 1110 2001 I
1159 1970 1269 2015 130,
1319 1971 1371 2015 13
1414 1954 1456 2001 II
1506 1971 1581 2014 19,
1630 1971 1681 2015 13

175 2048 255 2094 33,
310 2049 365 2094 23
417 2036 498 2094 68,
554 2052 609 2095 93
661 2035 726 2082 ΙΙΙ
779 2050 859 2097 52,
914 2052 970 2096 23
1023 2038 1102 2095 89,
1149 2053 1204 2097 23
1256 2052 1368 2097 103,
1416 2053 1468 2097 13
1508 2036 1684 2100 imper-

177 2113 359 2161 fectum
418 2115 647 2163 describit
702 2117 964 2165 conamina
1016 2117 1232 2181 (saepius
1279 2117 1429 2181 irrita)
1481 2116 1684 2182 alicujus

171 2195 240 2243 rei
291 2196 640 2246 conficiendae.
700 2199 997 2247 Indicativus
1055 2199 1221 2247 aoristi
1272 2211 1469 2263 praeter
1519 2198 1682 2248 locum

173 2277 240 2324 ΙΙΙ
288 2294 362 2338 10,
407 2283 451 2339 6,
494 2296 593 2342 quo
632 2278 777 2328 solito
811 2297 949 2328 more
984 2281 1031 2328 in
1071 2281 1324 2328 enuntiato
1364 2281 1682 2345 hypothetico

174 2370 434 2423 usurpatus
490 2371 580 2420 est,
633 2361 765 2409 hisce
811 2372 1003 2410 tantum
1055 2362 1173 2411 locis
1225 2364 1446 2424 occurrit,
1500 2364 1684 2428 ubique

175 2458 285 2489 curn
335 2441 602 2506 negatione
653 2443 967 2508 conjunctus:
1022 2444 1090 2492 IV
1142 2461 1221 2506 33,
1279 2461 1302 2492 2
1356 2452 1442 2505 τοῖς
1491 2445 1569 2513 μὲν
1608 2437 1682 2497 οὖν

174 2527 366 2584 ὁπλίταις
422 2521 521 2574 οὐκ
577 2525 926 2584 ἐδυνήθησαν
983 2531 1234 2597 προσμεῐξαι
1291 2531 1416 2595 κτλ.;
1481 2544 1592 2588 129,
1650 2545 1682 2589 4

175 2608 332 2664 Νικίας
380 2602 663 2672 μὲν-οὐκ
703 2607 940 2666 ἐδυνήθη
992 2607 1229 2676 βιάσασθαι
1277 2613 1402 2669 κτλ,
1441 2608 1487 2656 V
1529 2624 1609 2670 55,
1655 2626 1678 2656 2

175 2682 342 2753 ὕστερον
381 2684 428 2736 δὲ
467 2687 507 2746 ἐς
544 2686 590 2736 τὸ
629 2684 731 2738 αὐτὸ
771 2688 1040 2749 ξυνελθόντες
1078 2686 1187 2740 οὐδ’
1226 2686 1291 2750 ὣς
1329 2690 1681 2749 ἐδυνήθησαν

227 2870 259 2913 1)
294 2871 347 2902 De
373 2871 574 2912 imperfecto
600 2881 676 2902 cum
701 2872 884 2913 negatione
911 2872 1096 2914 conjuncto
1119 2873 1160 2904 ef.
1177 2883 1279 2914 supra
1294 2884 1327 2915 p.
1344 2881 1388 2914 30
1402 2883 1454 2915 sq.
1469 2878 1502 2904 et
1517 2873 1634 2917 infra§
1650 2883 1681 2915 9.
