2119 3342
868 191 926 235 41

150 339 345 386 semper
375 339 403 370 a
437 320 647 385 posteris
680 317 1020 382 praedicatum
1054 316 1107 363 iri
1138 312 1357 369 Ἑλλήνων
1379 308 1663 369 ἕτιἙλληνες

149 410 351 458 πλείστων
373 403 428 460 δὴ
451 401 645 472 ἤρξαμεν
668 401 741 451 καὶ
762 399 964 466 πολέμοις
983 399 1196 466 μεγίστοις
1229 395 1573 462 οἷντέσχομεν
1594 419 1662 425 -—-

150 488 272 539 πόλιν
322 508 363 536 τε
393 515 459 520 --
494 487 698 552 μεγίστην
754 482 1003 550 ᾠκήσαμεν,
1059 495 1158 541 quo
1196 477 1306 524 loco
1347 474 1513 523 aoristi
1552 482 1665 521 sunt

152 567 443 628 constativi3
476 582 589 612 nam
621 580 751 626 quae
781 562 856 609 hic
889 560 1099 609 Pericles
1132 558 1269 607 verbi
1291 558 1457 605 formis
1477 556 1665 619 primae

153 666 398 714 personae
448 646 686 702 enuntiat,
739 661 799 692 ea
845 642 1029 707 posteri
1080 640 1145 689 illi
1195 657 1321 703 quos
1363 648 1558 702 spectat
1597 636 1664 683 sic

154 730 324 778 dicturi
392 729 540 776 fuisse
605 724 856 790 cogitandi
925 733 1063 770 sunt:
1131 717 1285 790 ἦρξαν,
1347 720 1664 787 οέντέσχον,

153 812 328 881 ᾤκησαν
363 812 484 874 (aor.
520 809 726 871 const.);
759 807 958 866 V1143,
998 818 1022 866 7
1047 814 1315 868 postquam
1335 801 1668 849 Athenienses

154 893 298 941 latius
333 909 420 956 per
453 891 666 939 hostium
699 889 857 936 aciem
891 896 1218 950 perruperunt
1250 887 1288 935 οἱ
1322 884 1489 934 Βοιωτοὶ
1517 892 1668 951 πρῶτοι

159 974 301 1035 αὐτοῖς
358 971 517 1025 α’ντέσ
528 992 627 1041 χον
686 974 760 1021 καὶ
816 968 1132 1037 προσβαλόντες
1188 964 1362 1035 ἔτρεψάν
1417 986 1458 1015 τε
1506 968 1581 1015 καὶ
1629 964 1670 1023 ἐς

157 1056 296 1125 φυγὴν
353 1054 645 1112 κατέστησανε
706 1051 916 1099 aoristus
974 1049 1115 1112 (sicut
1173 1048 1202 1094 ii
1253 1063 1456 1110 quoque
1504 1045 1670 1093 aoristi

163 1138 244 1202 qui
296 1137 585 1200 sequuntur)
637 1144 710 1182 est
760 1131 1092 1180 constativus:
1135 1147 1303 1177 cursus
1342 1138 1548 1191 repente
1587 1127 1671 1174 im-

159 1219 355 1283 peditus
411 1217 752 1274 nuntiatur,
810 1231 910 1261 non
967 1212 1284 1271 describitur3
1339 1210 1458 1256 VIII
1508 1224 1589 1270 95,
1643 1223 1666 1270 5

162 1303 305 1369 ὀλίγον
344 1301 423 1368 μέν
462 1320 558 1349 τινα
596 1297 751 1366 χρόνον
792 1295 909 1363 ὅμως
942 1295 1016 1344 καὶ
1048 1293 1079 1344 α’
1090 1293 1210 1343 ντέσ
1222 1312 1347 1360 χον,
1375 1290 1514 1342 ἔπειτα
1546 1294 1670 1340 κτλ.;

162 1399 264 1431 aor.
306 1391 686 1429 momentaneus
708 1379 755 1441 1).

235 1463 386 1511 Verbi
424 1469 619 1531 εἵργειν
659 1459 793 1522 impf.
829 1459 942 1522 (act.
979 1467 1028 1504 et
1066 1457 1220 1520 pass.)
1255 1471 1408 1518 saepe
1437 1452 1673 1512 occurrit3

164 1546 261 1594 ind.
332 1561 434 1593 aor.
506 1554 599 1591 act,
669 1541 848 1606 legitur
910 1537 1258 1587 tantummodo
1325 1536 1443 1583 VIII
1502 1551 1584 1595 92,
1643 1550 1674 1595 4

164 1624 549 1695 ξυλλαμβάνουσιν
619 1621 867 1684 Ἀλεξικλέα
906 1651 973 1657 —-
1015 1622 1089 1671 καὶ
1147 1622 1188 1680 ἐς
1242 1622 1380 1669 οἰκίαν
1439 1616 1676 1685 α’γαγόντες

164 1709 352 1779 εἶρξαν
403 1708 430 1756 i.
464 1725 506 1756 e.
556 1707 602 1754 in
651 1703 845 1753 vincula
890 1703 1231 1768 conjecerunt:
1273 1718 1374 1748 aor.
1415 1709 1677 1762 usurpatur

166 1791 280 1855 quia
332 1790 461 1838 actio
501 1798 852 1836 momentanea
890 1778 1222 1845 memoratur}
1263 1783 1359 1831 ind.
1401 1799 1502 1830 aor.
1543 1799 1674 1845 pass.

165 1857 345 1937 legitur
394 1870 743 1920 tantummodo
782 1868 828 1915 V
882 1884 964 1929 49,
1014 1883 1030 1914 1
1075 1865 1419 1934 Λακεδαιμόνιοι
1458 1869 1532 1914 τοῦ
1571 1866 1679 1931 ἱεροῦ

167 1955 246 2007 ὑπὸ
298 1952 472 2005 Ἠλείων
524 1956 839 2021 εἴρχθησαν
878 1949 980 2000 ὥστε
1017 1949 1079 2017 μὴ
1117 1945 1226 1998 θύειν
1265 1943 1676 2015 μηὸὀῖγωνίζεσθαι,

169 2053 268 2099 quo
304 2034 414 2083 loco
448 2035 496 2082 id
529 2034 663 2098 quod
696 2030 1080 2081 Lacedaemonii
1113 2047 1173 2078 eo
1205 2045 1336 2076 anno
1359 2027 1422 2075 ad
1446 2026 1679 2090 Olympia

169 2117 467 2166 celebranda
517 2133 616 2163 non
668 2125 780 2163 sunt
819 2113 1018 2162 admissi
1057 2122 1251 2160 tanturn
1290 2118 1680 2157 memoratur

170 2201 289 2263 (aor.
344 2199 548 2262 const.)3
589 2207 760 2245 contra
797 2196 878 2243 ubi
912 2195 974 2242 de
1013 2211 1074 2242 ea
1114 2210 1166 2241 re
1204 2193 1356 2240 fusius
1396 2192 1572 2255 agitur,
1613 2190 1680 2238 sic

169 2281 346 2345 legitur
380 2280 444 2343 (V
478 2295 558 2341 50,
597 2280 672 2342 2):
703 2282 759 2339 ὡς
788 2277 834 2328 δὲ
867 2275 964 2328 οὐδὲ
991 2282 1129 2327 ταῦτα
1150 2274 1316 2336 ἤθελον,
1338 2272 1680 2340 Λακεδαιμόνιοι

170 2362 248 2431 μὲν
288 2369 533 2431 εἴργοντο
553 2367 626 2411 τοῦ
665 2363 772 2428 ἱεροῦ
809 2364 903 2410 κτλ.
947 2359 1028 2405 ubi
1067 2356 1354 2421 imperfecto
1377 2354 1483 2403 Elei
1505 2371 1592 2418 per
1611 2364 1681 2401 to-

171 2455 275 2493 tum
294 2443 522 2491 ludorum
542 2453 738 2506 tempus
758 2441 944 2489 intente
965 2449 1200 2488 caventes
1221 2455 1283 2486 ne
1300 2436 1682 2485 Lacedaemonii

173 2526 237 2574 ad
287 2524 430 2573 ludos
480 2524 775 2572 accederent
825 2522 907 2585 (de
955 2538 1055 2585 qua
1104 2538 1156 2568 re
1206 2521 1253 2567 in
1293 2518 1481 2582 reliquo
1521 2517 1683 2581 capite

174 2607 313 2672 plura
352 2606 629 2669 narrantur)
669 2605 834 2652 animo
873 2602 1068 2651 lectoris
1106 2611 1556 2666 repraesentantur.

246 2688 651 2752 Compositorum
685 2686 822 2734 verbi
855 2692 1001 2754 εἵργειν
1036 2683 1225 2747 aliquot
1259 2682 1377 2731 locis
1398 2680 1684 2745 imperfecta

229 2874 261 2919 1)
288 2873 340 2906 Cf.
367 2883 470 2916 supra
495 2883 530 2915 p.
561 2870 601 2904 18
628 2881 680 2914 sq.
