2119 3342
1089 222 1146 266 18

353 364 502 427 Soph.
554 363 667 410 Ant.
729 376 855 422 1052
897 359 1058 422 ταύτης
1095 359 1146 413 σὺ
1185 360 1329 428 μέντοι
1367 368 1443 420 τῆς
1481 359 1605 410 ubo-⁵1)
1646 359 1692 422 (i.
1715 375 1760 406 e.
1804 363 1880 408 τοῦ

356 446 418 513 μὴ
458 446 638 513 φρονεῖν)
677 445 845 511 πλήρης
885 441 1013 510 ἔφυς
1049 442 1076 489 i.
1099 459 1142 490 e.
1183 458 1244 489 ex
1275 441 1326 488 iis
1358 458 1483 504 quae
1515 439 1692 488 modo
1724 438 1874 486 dixisti

356 537 405 574 te
467 527 622 589 ipsum
687 524 884 572 insanire
947 523 1188 586 apparuit,
1252 523 1312 570 ib.
1380 524 1507 582 1085
1551 539 1644 584 sq.
1705 517 1887 571 τοιαῦτά

361 630 436 659 σσυ
489 637 558 642 -
605 606 706 657 ὥστε
756 605 934 666 τοξότης
985 606 1186 672 ἀφῆκα
1237 608 1360 674 θυμῷ
1409 606 1598 671 καρδίας
1637 599 1885 669 τσξεῦματα

359 689 386 736 i.
409 705 450 736 e.
505 705 629 751 quae
678 687 854 734 modo
901 685 993 732 dixi
1032 696 1282 748 tamquam
1331 685 1529 749 sagittas
1579 683 1624 730 in
1673 682 1884 730 animum

360 781 493 818 tuum
543 769 745 833 conjeci,
796 768 858 815 ib.
908 768 1036 828 1183
1078 784 1152 830 sq.
1192 776 1276 816 τῶν
1316 766 1458 833 λόγων
1498 764 1747 835 ἐπῃσθόμην
1785 763 1887 832 πρὸς

362 851 511 912 ἔξοδον
549 855 780 918 στείχουσα
816 849 843 896 i.
866 866 908 896 e.
950 848 1131 895 modo
1169 847 1342 895 audivi.
1378 847 1687 909 Quamquam
1723 854 1887 892 autem

362 932 434 979 hic
471 949 580 979 usus
619 930 819 978 fortasse
856 947 917 977 ex
955 947 1039 976 usu
1077 928 1432 976 constativo
1469 926 1757 975 derivandus
1797 935 1884 982 est,

362 1024 523 1061 tamen
543 1012 720 1059 ratione
739 1011 901 1058 habita
920 1027 1086 1058 eorum
1107 1027 1232 1073 quae
1253 1009 1398 1057 modo
1419 1008 1630 1072 exposui,
1649 1006 1757 1055 utile
1772 1005 1888 1071 judi-

364 1094 467 1141 cavi
486 1111 513 1140 e
534 1092 814 1155 Thucydide
834 1108 1028 1154 quoque
1047 1089 1289 1138 nonnullos
1308 1089 1438 1138 locos
1460 1090 1630 1153 quibus
1651 1089 1719 1136 ita
1741 1087 1889 1135 aoris-

366 1186 466 1223 tum
487 1174 758 1222 adhibitum
773 1173 925 1220 inveni
944 1172 1197 1235 separatim
1217 1182 1433 1220 tractare.
1451 1171 1526 1218 Sic
1540 1170 1667 1234 apud
1681 1179 1890 1217 nostrum

365 1273 513 1320 saepe
568 1255 723 1303 aoristi
773 1264 1018 1303 occurrunt
1066 1254 1109 1300 in
1157 1253 1280 1301 initio
1328 1253 1591 1301 orationum
1643 1269 1672 1299 a
1722 1250 1891 1316 legatis

366 1338 647 1396 habitarum,
688 1336 859 1399 quibus
896 1335 1079 1383 aoristis
1110 1335 1358 1400 designant
1396 1352 1492 1398 quo
1531 1332 1718 1382 consilio
1751 1348 1891 1380 vene-

367 1420 468 1479 rint,
506 1418 635 1467 velut
671 1419 735 1465 IV
781 1431 857 1479 17,
905 1434 922 1464 1
968 1416 1226 1485 ἔπεμψαν
1265 1420 1386 1485 ἡμᾶς
1424 1415 1768 1483 Λακεδαιμόνιοι
1800 1415 1891 1481 περὶ

368 1512 450 1552 τῶν
484 1503 524 1551 έν
557 1510 609 1570 τῇ
642 1501 758 1568 νήσῳ
791 1498 1035 1566 πράξοντας
1068 1504 1161 1549 κτλ.
1181 1499 1214 1561 1)
1247 1498 1404 1546 Etiam
1438 1496 1602 1545 clarius
1631 1495 1706 1544 illa
1738 1495 1895 1544 aoristi

367 1582 436 1630 vis
499 1580 667 1629 dilucet
732 1581 771 1627 II
837 1583 918 1639 60,
998 1597 1039 1639 1,
1107 1580 1185 1627 ubi
1239 1579 1438 1627 Pericles
1492 1578 1617 1626 initio
1674 1577 1893 1625 orationis

368 1663 559 1710 habitae
596 1662 640 1709 in
676 1662 868 1710 comitiis
905 1679 934 1709 a
972 1679 1024 1709 se
1062 1661 1331 1709 convocatis
1367 1661 1458 1708 hoc
1490 1660 1621 1707 dicit:
1657 1663 1893 1718 ἐκκλησίαν

370 1742 518 1795 τούτου
558 1741 680 1794 ἕνεκα
719 1745 1045 1811 ξυνήγαγον
1084 1743 1110 1791 i.
1134 1760 1176 1791 e.
1227 1742 1400 1803 „modo
1438 1739 1746 1789 convocavi’'.

440 1827 610 1873 Restat
646 1835 696 1873 ut
731 1824 899 1888 loquar
937 1825 998 1872 de
1036 1825 1201 1872 ceteris
1239 1823 1394 1871 aoristi
1431 1823 1592 1870 usibus
1627 1838 1748 1885 quos
1779 1831 1896 1869 trac-

368 1907 539 1955 tandos
571 1907 679 1953 mihi
715 1906 905 1970 sumpsi.

441 1988 643 2035 Nomine
699 1987 905 2035 aoristi
956 1986 1406 2049 momentanei2)
1455 1983 1735 2048 complexus
1787 2001 1894 2031 sum

370 2068 614 2118 nonnullos
635 2069 832 2116 aoristos
852 2069 1026 2132 quibus
1047 2068 1332 2134 significatur
1351 2067 1583 2115 actionem
1611 2066 1702 2114 exi
1712 2084 1788 2131 gu
1804 2083 1834 2113 u
1847 2083 1896 2112 m

370 2151 778 2200 tantummodo
825 2150 1115 2213 temporis
1153 2150 1414 2213 spatium
1451 2149 1734 2207 durasse,
1774 2146 1891 2195 cele-

371 2234 478 2281 riter
523 2232 815 2295 praeterisse.
871 2231 1185 2294 Quamquam
1233 2231 1305 2278 hic
1345 2247 1544 2294 quoque
1582 2229 1791 2277 aoriStus
1829 2229 1893 2277 ad

372 2314 684 2361 constativum
747 2313 978 2376 pertinere
1042 2313 1126 2360 dici
1191 2322 1364 2376 potest,
1422 2322 1598 2368 tamen,
1661 2310 1772 2374 quia
1826 2310 1895 2359 vis

372 2395 644 2458 punctativa
694 2394 848 2441 aoristi
895 2394 967 2440 hic
1016 2394 1207 2457 proprio
1257 2410 1399 2441 sensu
1449 2393 1475 2440 i.
1514 2410 1555 2440 e.
1596 2409 1738 2439 sensu
1777 2402 1893 2439 tem-

372 2475 519 2539 porali
555 2475 838 2538 exprimitur,
878 2474 1113 2538 peculiare
1152 2474 1399 2538 quoddam
1437 2473 1593 2521 aoristi
1630 2490 1786 2538 genus
1814 2472 1886 2519 hic

426 2629 459 2672 1)
486 2629 528 2660 ef.
558 2628 691 2670 Steupii
718 2638 797 2659 ann.
824 2626 867 2658 ad
890 2627 938 2657 VI
966 2626 1021 2668 82,
1052 2634 1087 2657 1:
1117 2623 1335 2668 πέφικάμεθκ,
1361 2625 1421 2657 der
1447 2625 1508 2656 das
1535 2625 1623 2656 eben
1653 2624 1890 2666 eingetretene

375 2686 573 2718 Verbaltnis
598 2684 854 2717 bezeichnende
883 2682 999 2715 Aorist
1025 2688 1106 2714 statt
1132 2684 1192 2715 des
1220 2682 1410 2715 Perfekts.”

423 2743 459 2786 2)
486 2754 555 2785 quo
589 2742 759 2784 adjectivo
788 2752 868 2773 usus
895 2752 969 2772 sum
994 2746 1131 2772 auctore
1159 2741 1417 2783 FORSSMANNO,
1444 2740 1505 2782 qui
1531 2740 1566 2771 in
1593 2738 1889 2771 commentatione

375 2812 435 2833 sua
471 2802 546 2841 „De
578 2800 742 2831 infinitivi
775 2805 968 2841 temporum
1001 2809 1064 2830 usu
1097 2798 1347 2840 Thucydideo”
1381 2797 1540 2841 (Studien
1574 2807 1632 2828 zur
1664 2796 1792 2838 griech.
1819 2795 1893 2827 und

375 2858 433 2890 lat.
469 2858 618 2889 Gramm.
651 2858 933 2898 herausgegeben
962 2867 1030 2888 von
1057 2856 1172 2898 Georg
1199 2856 1349 2899 Curtius,
1375 2856 1527 2887 sechster
1553 2854 1651 2886 Band
1681 2853 1786 2897 1873)
1812 2864 1889 2896 pas-

377 2916 440 2947 sim
465 2916 634 2947 actionem
659 2915 852 2946 aoristieam
889 2919 989 2946 vocat
1017 2914 1210 2955 „actionem
1236 2911 1633 2945 momentaneam'’.
