2119 3342
957 223 1014 268 13

225 355 435 419 Κορίνθιοι
456 379 523 386 ——
543 345 856 420 zpona50s3'm
870 371 896 407 η
910 365 1025 399 σαν·
1048 351 1086 399 οἱ
1106 347 1153 398 δὲ
1175 354 1428 415 Κερκυραῖοι
1451 375 1517 381 -
1539 351 1740 413 τροπαῖον

227 431 454 490 οέντέστη
467 451 578 482 σαν.
621 429 904 493 Plerumque
941 446 1033 476 non
1071 429 1234 476 attinet
1266 427 1457 475 actionis
1491 425 1637 490 qualis
1670 435 1743 473 est

223 512 405 576 tropaei
435 512 621 571 erectio,
654 528 959 575 progressum
990 509 1246 575 gradatum
1272 507 1508 567 evolvere,
1531 507 1742 555 nuntIare

225 594 388 641 sufficit
401 617 410 654 3
423 592 590 641 talibus
599 591 853 657 igiturlocis
864 608 961 639 aor.
975 590 1259 638 constativus
1269 607 1403 637 suum
1414 588 1568 637 locum
1578 589 1739 636 habet.

226 675 324 722 Sed
366 675 508 722 etiam
552 673 779 738 ejusmodi
815 672 951 731 facta,
992 689 1118 735 quae
1156 671 1343 736 majoris
1381 680 1486 718 sunt
1524 669 1743 733 ponderis

225 767 273 804 et
309 755 465 819 plures
502 755 691 803 actionis
728 754 827 802 sive
864 753 1167 818 gradationes
1204 753 1302 800 sive
1339 761 1582 799 momenta
1613 750 1742 798 varia

226 836 608 900 complectuntur,
647 835 857 898 scriptor,
898 834 934 881 si
971 851 1030 881 ea
1060 843 1303 881 momenta
1335 832 1567 895 explicare
1599 842 1742 895 atque

228 917 449 966 evolvere
485 934 578 965 non
615 916 786 974 studet,
824 914 1086 979 simpliciter
1123 914 1331 962 nuntiare
1363 924 1522 977 potest
1553 913 1741 971 aoristo,

226 999 353 1047 velut
403 1000 420 1045 I
481 1014 591 1057 112,
644 1014 676 1057 4
727 997 1133 1064 ἐναυμάχησαν
1185 997 1263 1046 καιΙ
1307 993 1744 1063 ἐπεζομοέχησαν

228 1077 354 1148 ἄμας
413 1079 521 1143 quia
575 1095 766 1143 pugnae
812 1076 989 1124 navalis
1039 1076 1364 1139 pedestrisque
1413 1075 1741 1123 tantummodo

228 1171 646 1218 memorantur,
698 1159 894 1207 aoriStus
945 1158 1203 1205 adhibetur.
1259 1157 1436 1204 Contra
1486 1157 1743 1204 eorundem

228 1243 495 1300 verborum,
552 1241 630 1288 ubi
685 1241 892 1287 actiones
941 1239 1377 1296 describuntur,
1420 1238 1745 1300 imperfectum

228 1334 487 1387 usurpatur,
545 1321 673 1369 velut
729 1322 797 1368 IV
861 1337 936 1381 14,
998 1337 1022 1381 3
1082 1327 1127 1370 οἵ
1175 1342 1217 1369 τε
1266 1316 1351 1388 γὰρ
1399 1320 1744 1386 Λακεδαιμὸνιοι

230 1406 307 1456 ὑπὸ
355 1409 593 1473 προθυμίας
633 1405 706 1454 καὶ
746 1404 1006 1462 ἐκπλήξεως,
1047 1405 1103 1461 ὡς
1142 1405 1280 1460 εἰπεῖν,
1321 1398 1431 1451 ἄλλο
1470 1398 1591 1450 οὐδὲν
1630 1400 1656 1454 ἢ
1698 1401 1745 1450 ἐκ

230 1496 311 1555 ’γῆς
345 1488 397 1536 ἐν
413 1483 737 1553 αυμοῖχουν,
772 1491 870 1534 οἵτε
887 1481 1099 1541 Ἀθηναῖοι
1121 1488 1371 1550 κρατοῦντες
1393 1483 1465 1532 καὶ
1488 1481 1745 1550 βουλόμενοι

227 1577 281 1635 τῇ
336 1564 530 1638 παρούσῃ
586 1563 701 1636 τύχῃ
759 1568 816 1625 ὡς
871 1566 933 1615 ἐπὶ
990 1569 1181 1614 πλεῖστον
1233 1565 1461 1624 ἐπεξελθεῖν
1509 1563 1593 1614 ἀπὶ
1640 1572 1742 1612 νεῶν

229 1646 628 1715 ἐπεζομαῖχουν.
670 1646 800 1694 ldem
830 1645 983 1693 aoristi
1011 1663 1121 1692 usus
1142 1644 1351 1703 occurrit,
1374 1643 1453 1690 ubi
1472 1643 1644 1691 aoristo
1665 1660 1738 1701 ea,

231 1747 355 1793 quae
404 1746 490 1792 per
536 1727 717 1792 longius
766 1727 991 1790 temporis
1040 1726 1243 1789 spatium
1282 1736 1421 1790 gesta
1458 1735 1577 1783 sunt,
1619 1741 1743 1772 com-

227 1828 392 1875 presse
441 1820 772 1867 memorantur,
823 1807 954 1855 velut
1005 1808 1022 1854 Ι
1070 1824 1086 1853 1
1106 1820 1181 1868 17,
1231 1823 1246 1852 Ι
1293 1808 1367 1856 καὶ
1406 1816 1482 1866 τῆς
1520 1805 1744 1865 Θαλάσσης

229 1902 304 1952 τῆς
355 1890 453 1942 καθ’
503 1888 682 1950 ἑαυτοὺς
731 1888 1044 1957 ἐκράτησαν
1093 1888 1258 1956 ἡμέρας
1296 1892 1383 1956 περὶ
1420 1888 1629 1954 τέσσαρας
1668 1888 1742 1937 καὶ

230 1973 432 2024 δέκακαὶ
465 1974 865 2038 ἐσεκομίσαντο
897 1974 971 2020 καὶ
1005 1971 1407 2036 ἐξεκομίσαντο
1443 1964 1471 2018 ἃ
1496 1965 1742 2035 ἐβούλοντο,

230 2072 326 2117 quo
365 2052 469 2101 loco
507 2052 666 2116 utique
704 2069 790 2115 pro
830 2051 1013 2098 duobus
1050 2049 1215 2098 ultimis
1253 2049 1432 2097 aoristis
1468 2049 1742 2112 imperfecta

229 2135 472 2199 (iterativa)
504 2134 916 2197 exspectabamus,
951 2132 1036 2180 sed
1069 2132 1292 2179 aoristum
1318 2131 1511 2178 adhibet
1529 2130 1738 2193 scriptor,

230 2216 451 2280 quoniam
488 2215 626 2275 facta,
664 2214 762 2261 sive
803 2214 968 2261 iterata
1004 2213 1105 2260 sive
1142 2212 1432 2275 aliquamdiu
1460 2211 1741 2270 continuata,

227 2309 475 2360 tamquam
511 2313 604 2343 uno
642 2305 897 2358 conspectu
934 2293 1270 2357 complectitur,
1311 2310 1461 2356 quare
1492 2294 1596 2357 jure
1627 2293 1743 2356 ejus-

229 2379 356 2427 modi
375 2378 599 2426 aoristum
629 2376 1005 2440 complexivu
1021 2394 1068 2423 m
1094 2376 1247 2423 dicere
1268 2375 1499 2440 (adjectivi
1518 2374 1743 2440 significa-

228 2461 354 2509 tione
390 2459 597 2524 paullum
634 2460 836 2521 mutata)
874 2458 1009 2505 nobis
1046 2458 1270 2505 videmur.

305 2541 451 2588 Hisce
512 2540 655 2588 tribus
712 2539 867 2586 aoristi
921 2539 1172 2603 generibus
1226 2536 1551 2601 principalibus
1608 2537 1740 2601 (ingr.

231 2623 382 2670 effect.
415 2622 631 2683 constat.)
665 2619 970 2683 pertractatis,
1000 2621 1100 2683 jam
1134 2619 1389 2682 quaeritur:
1425 2634 1550 2681 quae
1581 2617 1744 2665 notio

229 2702 311 2751 illis
365 2702 614 2768 generibus
669 2700 991 2748 communis
1046 2700 1147 2747 sit?
1203 2700 1347 2746 Porro
1402 2709 1534 2746 estne
1590 2697 1745 2745 aoristi

231 2782 596 2849 significatio
641 2781 945 2845 primaria,
986 2798 1014 2828 a
1052 2798 1147 2844 qua
1184 2779 1258 2827 illa
1295 2780 1380 2827 tria
1416 2796 1594 2844 genera
1631 2779 1744 2826 deri-

231 2865 329 2913 vari
356 2863 578 2928 possunt?
610 2862 692 2909 Ad
724 2862 1048 2925 quaestionem
1076 2862 1280 2925 priorem
1312 2859 1442 2908 facile
1473 2859 1745 2923 responderi
