2119 3342
941 226 964 273 5

249 359 338 406 Cui
385 357 506 428 loco,
556 367 605 404 ut
652 355 876 403 lectorem
925 353 968 400 in
1005 352 1185 399 medias
1222 368 1297 398 res
1333 366 1495 414 agam,
1535 347 1690 395 statim

177 457 419 504 opponam
450 437 730 486 sententiam
763 452 907 498 quam
935 445 1094 481 nostra
1124 443 1283 480 aetate
1313 430 1500 478 scientia
1518 428 1690 493 lingua-

177 540 278 570 rum
316 519 636 583 comparativa
673 517 758 564 sibi
794 515 1114 572 conformavit,
1154 530 1327 575 nempe
1358 513 1401 558 in
1432 528 1489 558 ea
1517 509 1690 574 lingua,

178 620 207 650 a
239 619 332 665 qua
361 617 526 649 omnes
552 598 739 663 linguae
767 595 1180 661 Indogermanicae
1200 593 1424 658 originem
1444 592 1692 648 duxerunt,

179 682 367 746 proprie
415 678 708 743 „tempora'’,
748 678 772 725 i.
816 695 857 725 e.
897 677 1028 724 verbi
1065 676 1240 723 formas
1273 674 1439 737 quibus
1470 671 1694 734 temporis

181 762 343 811 relatio
392 761 627 818 indicatur,
679 776 771 806 non
821 758 1074 817 exstitisse3
1118 767 1336 819 tempora
1373 764 1534 801 autem
1571 768 1695 815 quae

179 861 404 892 vocamus
424 843 552 890 unice
575 841 636 888 ad
655 857 833 906 genera
853 839 1042 886 actionis
1062 836 1365 900 exprimenda
1384 835 1427 881 in
1441 851 1524 881 usu
1538 833 1691 880 fuisse.

182 925 342 985 Quam
378 923 655 971 sententiam
694 940 737 969 v.
761 939 798 968 c.
840 921 918 968 W.
953 919 1298 980 STREITBEssol)
1332 916 1510 963 disertis
1541 914 1696 961 verbis

183 1007 246 1053 sic
284 1004 618 1068 pronuntiavit:
669 1033 764 1064 „——-
803 1000 1028 1049 damals
1067 1001 1108 1063 (ἰᾷ
1132 1017 1173 1047 e.
1215 999 1266 1046 in
1299 998 1401 1045 der
1431 997 1695 1060 indoger-

184 1085 527 1133 manischen
560 1084 782 1146 Urzeit)
805 1082 1153 1130 existierten
1172 1080 1506 1140 iiberhaupt
1525 1077 1696 1124 keine

187 1168 486 1229 Tempora
531 1166 574 1213 d.
626 1166 672 1212 h.
715 1164 885 1211 keine
931 1160 1218 1210 formalen
1269 1158 1694 1223 Kategorieen‚

186 1249 363 1295 deren
403 1244 856 1310 ursprtingliche
883 1243 1176 1290 Funktion
1208 1259 1272 1288 es
1310 1257 1438 1298 war,
1479 1256 1573 1285 zur
1602 1239 1696 1285 Be-

186 1328 514 1392 zeichnung
559 1327 658 1374 der
695 1325 988 1374 relativen
1032 1322 1322 1371 Zeitstufe
1359 1339 1423 1368 zu
1464 1320 1695 1367 dienen:

184 1411 275 1457 die
294 1407 810 1465 Formenklassen,
833 1407 924 1453 die
953 1406 1048 1453 Wir
1067 1404 1362 1466 Tempora
1390 1419 1452 1448 zu
1475 1417 1700 1448 nennen

184 1491 464 1557 gewohnt
513 1489 656 1547 sind,
708 1489 902 1535 haben
953 1504 1021 1534 an
1071 1485 1196 1532 sich
1233 1484 1334 1531 mit
1372 1483 1472 1530 der
1508 1480 1699 1529 relati-

185 1589 295 1620 ven
345 1570 632 1618 Zeitstufe
688 1569 846 1616 nicht
894 1568 997 1615 das
1047 1567 1353 1632 geringste
1402 1582 1467 1610 zu
1517 1562 1699 1610 schaf-

187 1655 292 1702 fen.
346 1652 572 1701 Zeitlos
622 1652 747 1699 sind
796 1649 1081 1698 vielmehr
1130 1647 1246 1695 alle
1295 1643 1699 1693 Prasensklas-

187 1753 304 1794 sen,
345 1734 461 1782 alle
499 1734 757 1792 Aoriste,
798 1731 916 1779 alle
953 1730 1234 1778 Persekta
1271 1729 1322 1775 in
1354 1725 1510 1774 allen
1540 1726 1701 1772 ihren

188 1816 379 1863 Modis
430 1815 541 1862 und
590 1815 674 1861 sie
711 1811 1170 1860 unterschieden
1207 1809 1327 1856 sich
1365 1824 1477 1855 von
1515 1807 1701 1853 einan-

189 1898 291 1945 der
336 1914 436 1944 nur
482 1896 660 1943 durch
706 1895 796 1942 die
835 1895 942 1941 Art
980 1893 1080 1940 der
1118 1889 1448 1954 Handlung,
1489 1888 1582 1935 die
1617 1887 1702 1933 sie

191 1977 755 2026 characterisierten
792 1974 935 2023 etc.'‘
968 1975 1065 2021 Res
1102 1973 1165 2020 sic
1203 1989 1256 2019 se
1288 1971 1446 2018 habet.
1487 1969 1535 2016 Si
1572 1968 1704 2016 verbi

190 2061 364 2107 formas
402 2059 656 2106 accuratius
693 2055 1079 2119 contemplamur,
1119 2054 1331 2101 videmus
1363 2069 1422 2099 ex
1452 2051 1502 2098 iis
1530 2050 1702 2108 formis,

193 2158 316 2204 quae
364 2150 582 2202 tempora
623 2138 874 2202 praeterita
904 2135 1048 2201 vulgo
1087 2145 1311 2183 vocantur
1348 2132 1702 2197 (imperfectum,

194 2222 408 2280 aoristu5‚
442 2221 722 2284 perfectum,
755 2217 1297 2282 plusquamperfectum),
1332 2232 1416 2262 eas
1438 2213 1564 2261 solas
1584 2229 1706 2276 quae

199 2313 455 2368 augmento
505 2301 745 2365 praeditae
789 2301 876 2347 sint
912 2299 1144 2346 actionem
1189 2309 1405 2359 tempore
1452 2294 1707 2358 praeterito

198 2402 305 2432 esse
372 2394 527 2431 actam
585 2382 856 2447 significare.
914 2380 1175 2427 Perfectum
1230 2378 1365 2442 igitur
1416 2376 1708 2438 temporibus

201 2465 461 2529 praeteritis
509 2464 696 2511 omnino
747 2479 841 2510 non
890 2473 964 2509 est
1008 2459 1440 2518 adnumerandum3
1484 2457 1610 2521 quod
1647 2455 1709 2502 ad

197 2547 433 2595 notionem
471 2543 783 2607 temporalem
821 2543 984 2590 attinet
1019 2558 1244 2605 praesens
1281 2551 1366 2587 est.
1407 2539 1488 2586 Ad
1523 2548 1711 2600 tempus

197 2627 495 2691 praeteritum
553 2625 893 2689 designandum
942 2623 1270 2671 tantummodo
1316 2620 1583 2668 indicativus
1631 2618 1710 2665 im-

253 2780 286 2823 1)
312 2780 501 2811 Perfective
537 2778 609 2810 und
643 2776 880 2818 imperfective
913 2776 1111 2807 Aetionsart
1145 2775 1190 2806 im
1220 2772 1503 2814 Germanischen‚
1530 2771 1614 2802 Paul
1640 2771 1712 2802 und

202 2838 365 2870 Braune's
386 2837 543 2878 Beitrage
566 2836 630 2867 XV
647 2846 680 2877 p.
700 2844 712 2866 1
723 2834 783 2877 163
798 2834 840 2866 cf.
857 2833 1009 2875 ejusdem
1024 2832 1310 2876 Urgermanische
1326 2829 1539 2862 Grammatik
1553 2828 1712 2871 (Heidel-

203 2897 288 2938 berg
317 2893 422 2937 1896)
450 2905 484 2937 p.
512 2893 591 2934 276.
