2119 3342
1086 187 1176 219 102

368 317 482 380 Ego
533 316 600 364 sic
653 315 884 362 dixerim:
935 313 1208 362 aoristus
1256 323 1588 377 usurpatur
1630 314 1883 362 ubicun-

369 415 488 461 que
528 414 659 445 eum
685 397 784 460 qui
806 396 986 461 jubet
1013 394 1473 443 nihildubitare
1505 395 1578 443 de
1603 396 1759 461 jussi
1785 413 1883 444 ex-

368 480 692 527 secutione
731 478 1131 542 cogitandum
1170 488 1286 537 est,
1321 495 1440 541 quo
1471 477 1668 525 aristo
1699 477 1886 541 igitur

367 561 635 625 scriptor
685 577 801 608 non
851 560 910 607 id
960 560 1092 623 agit
1138 569 1200 607 ut
1250 559 1573 623 significet
1624 559 1885 606 animum

361 643 642 708 jubentis
700 659 836 690 esse
892 642 1195 689 intentum
1253 642 1308 688 in
1359 658 1488 689 eam
1543 657 1668 688 rem
1725 640 1887 688 futu-

368 742 575 772 rumne
642 725 720 772 sit
785 734 847 771 ut
909 724 1085 788 jusso
1155 724 1618 786 obtemperetur
1673 738 1886 782 necne3

367 807 718 870 ubicunque
775 817 980 854 autem
1037 806 1093 853 id
1150 806 1362 869 ipsum,
1432 805 1459 852 i.
1502 821 1544 852 e.
1608 803 1886 869 jubentis

368 888 934 952 exspectationem,
984 887 1258 935 indicare
1295 885 1429 934 vult
1466 886 1759 949 scriptor,
1798 885 1887 932 im·

369 969 654 1032 perfecto
705 969 920 1016 utitur.
975 968 1091 1029 Quo
1140 967 1193 1015 fit
1239 977 1292 1016 ut
1328 967 1674 1031 imperfectum
1712 967 1759 1014 in
1798 983 1888 1014 usu

368 1051 429 1098 sit
484 1051 764 1114 ubicunque
821 1051 1029 1097 verbum
1087 1047 1268 1100 κελεύειν
1328 1059 1590 1113 usurpatur
1648 1048 1888 1113 significa-

367 1133 502 1180 tione
557 1132 809 1195 petendi
865 1130 1034 1195 (alqud
1089 1131 1153 1179 ab
1210 1129 1380 1195 alquo)
1432 1130 1511 1180 vel
1563 1130 1885 1178 suadendi.

370 1213 537 1262 Facile
606 1213 893 1278 intelligitur
956 1214 1165 1261 verbum
1227 1210 1407 1263 κελεύειν
1465 1211 1713 1276 pleriSque
1767 1210 1889 1259 locis

369 1296 502 1360 apud
550 1297 814 1359 scriptores
860 1295 1224 1359 significatione
1267 1294 1610 1358 exspectativa
1650 1294 1886 1342 adhiberi.

369 1378 525 1441 Apud
593 1389 817 1425 nostrum
874 1394 1076 1441 quoque
1133 1377 1239 1441 ejus
1294 1376 1432 1424 verbi
1489 1375 1644 1424 multo
1701 1376 1891 1440 majore

372 1477 578 1508 numero
622 1460 965 1523 praesenticae
1010 1476 1161 1523 quam
1201 1458 1461 1507 aoristicae
1497 1458 1689 1506 formae
1727 1474 1890 1506 occur-

369 1553 509 1602 runt3
550 1540 895 1604 imperfectum
939 1554 998 1602 75
1042 1541 1295 1603 reperitur,
1336 1540 1433 1588 ind.
1476 1557 1577 1588 aor.
1613 1550 1806 1588 tantum
1843 1554 1888 1601 5.

443 1624 709 1670 Pernotum
766 1632 841 1669 est
897 1622 1107 1669 verbum
1163 1625 1348 1689 λέγειν
1410 1621 1700 1684 Saepissime
1756 1621 1892 1685 apud

370 1722 544 1754 omnes
594 1704 857 1767 scriptores
907 1703 1129 1767 usurpari
1179 1703 1247 1750 ita
1286 1713 1339 1750 ut
1376 1702 1508 1750 idem
1547 1702 1716 1750 valeat
1754 1703 1891 1766 quod

371 1784 568 1837 κελεύειν.
643 1785 1073 1832 Animadvertisse
1130 1794 1296 1832 autem
1355 1783 1472 1831 mihi
1529 1784 1701 1832 videor
1756 1785 1890 1848 apud

370 1879 607 1926 nostrum,
642 1885 753 1914 cum
788 1867 994 1914 verbum
1027 1867 1161 1934 λέγειν
1191 1866 1258 1914 ita
1278 1866 1529 1925 adhibeat,
1551 1866 1890 1931 imperfectum

370 1948 521 2018 (ἔλεγε,
542 1978 562 1985 -
584 1951 648 2012 ον)
707 1949 919 1997 eandem
976 1948 1077 1995 vim
1135 1948 1320 1995 habere
1370 1965 1522 2011 quam
1573 1949 1737 2000 ἐκέλευε
1787 1950 1891 2013 (Ὃν)

369 2031 450 2079 vel
488 2030 665 2079 saltem
699 2031 746 2077 in
777 2029 858 2077 illo
888 2030 1178 2093 imperfecto
1211 2030 1304 2077 hoc
1340 2046 1542 2093 quoqne
1572 2047 1682 2077 esse
1713 2030 1891 2078 subau-

370 2113 627 2174 diendum3
663 2113 901 2160 aoristum
928 2121 1096 2159 autem
1132 2109 1284 2175 (εἷπον)
1319 2111 1496 2159 eadem
1530 2110 1892 2175 significatione

371 2195 594 2258 usurpari
645 2211 743 2257 qua
794 2211 898 2241 aor.
952 2193 1196 2244 ἐκέλευσαν.
1239 2192 1390 2240 Verbi
1429 2192 1564 2260 λέγειν
1603 2193 1890 2256 impfectum

372 2277 551 2325 eodem
602 2293 750 2323 sensu
801 2292 901 2338 quo
948 2275 1113 2325 ἐκέλευε
1163 2275 1198 2337 (-
1219 2276 1284 2337 ον)
1325 2275 1459 2322 hisce
1497 2273 1616 2321 locis
1655 2274 1890 2323 occurrit:

373 2359 515 2418 115,
572 2357 872 2418 5311125,
921 2373 972 2418 13
1017 2372 1096 2418 32,
1143 2373 1195 2417 23
1238 2356 1308 2403 IV
1353 2359 1432 2418 38,
1478 2355 1793 2418 23V1183,
1840 2373 1890 2420 13

372 2439 489 2486 VIII
531 2455 605 2497 12,
645 2455 688 2486 2.
721 2438 951 2485 Aoristus
989 2436 1100 2488 εἶπον
1141 2437 1321 2485 eodem
1355 2454 1502 2485 sensu
1533 2454 1633 2500 quo
1663 2438 1890 2489 ἐκέλευσαν

372 2519 575 2584 legitur:
631 2520 649 2566 I
710 2535 819 2580 131,
870 2535 921 2580 13
963 2519 1031 2565 IV
1075 2535 1117 2577 2,
1164 2536 1187 2566 2
1231 2530 1280 2566 et
1319 2536 1378 2580 43
1419 2519 1539 2566 VIII
1579 2535 1661 2579 49,
1702 2535 1748 2580 4.
1792 2519 1890 2581 Qui

371 2601 463 2649 loci
502 2600 626 2648 infra
665 2602 694 2663 g
737 2617 792 2647 21
840 2600 991 2647 fusius
1029 2601 1386 2648 tractabuntur.

444 2682 640 2730 Eodem
691 2682 902 2745 pertinet
953 2682 1085 2745 quod
1123 2682 1263 2729 verbi
1301 2679 1405 2750 φροῖ
1417 2690 1526 2744 ζειν
1568 2698 1769 2745 quoque
1807 2681 1890 2728 im-

375 2764 648 2827 perfectum
683 2763 935 2810 notionem
969 2763 1242 2826 imperfecti
1275 2764 1467 2814 ἐκέλενον
1501 2762 1687 2810 habere
1709 2772 1888 2826 potest,

375 2845 631 2907 quomodo
672 2844 826 2891 semel
861 2844 994 2906 apud
1033 2854 1255 2891 nostrum
1295 2845 1583 2891 adhibetur:
1626 2843 1694 2890 III
1744 2859 1817 2904 15,
1867 2860 1882 2890 1
