2119 3342
1058 196 1119 241 62

429 337 579 386 Verbi
609 335 903 404 οέγγέλλειν
936 335 1069 398 impf.
1101 352 1232 399 pass.
1267 334 1526 383 manifeste
1555 350 1701 382 sensu
1729 333 1870 381 itera-

355 420 474 480 tivo,
525 419 554 467 i.
578 435 620 466 e.
672 418 737 465 ad
788 417 984 465 nuntios
1035 417 1098 464 de
1147 416 1326 464 eadem
1373 433 1426 464 re
1464 416 1662 479 saepius
1699 415 1803 462 sive
1840 431 1870 462 a

355 500 560 549 diversis
590 499 812 564 partibus
843 496 1021 546 allatos
1050 498 1442 561 significandum,
1477 506 1767 560 usurpatum
1797 504 1872 544 est

355 583 490 630 hisce
509 581 648 629 locis:
673 581 742 628 III
767 584 842 641 16,
865 597 888 627 2
913 584 971 641 ὡς
991 577 1134 640 αὐτοῖς
1154 609 1222 615 —-
1242 580 1590 648 ἠγγέλλοντο
1617 579 1696 628 καί
1714 579 1760 628 αἱ
1778 578 1870 644 περὶ

354 663 431 720 τὴν
465 662 787 721 Πελοπόννησον
827 670 922 722 νῆες
957 672 1040 712 τῶν
1080 659 1313 720 Ἀθηναίων
1350 661 1427 717 τὴν
1464 662 1701 729 περιοικίδα
1733 656 1872 709 αὐτῶν

354 748 607 813 πορθοῦσαις
659 744 729 790 VI
785 759 864 805 32,
909 760 934 805 3
976 745 1016 804 ἐς
1054 742 1100 794 δὲ
1138 740 1217 804 τὰς
1246 740 1526 812 Συρακούσας
1564 741 1871 809 ἠγγέλλετο

355 826 705 894 πολλαχόθεν
736 822 790 876 τὰ
827 827 920 894 περί
953 830 1026 875 τοῦ
1064 827 1264 886 ἐπίπλους
1305 838 1370 885 45
1402 830 1487 884 τοῖς
1520 822 1567 874 δὲ
1598 825 1873 891 Συρακοσίοις

356 910 397 958 ἐν
447 905 578 974 τούτῳ
629 906 983 975 πολλαχόθεν
1031 935 1098 942 -
1147 905 1456 974 ἠγγέλλετο
1508 909 1602 955 κτλ.
1651 901 1873 966 Reliquis

356 990 550 1037 duobus
599 988 715 1036 locis
754 988 933 1051 quibus
971 987 1109 1036 verbi
1150 987 1377 1055 οἷγγέλλειν
1416 985 1757 1050 imperfectum
1794 1001 1871 1032 oc-

357 1071 502 1119 currit
534 1070 600 1134 (V
638 1073 720 1132 63,
757 1086 780 1117 2
818 1069 959 1126 έπειᾶὴ
994 1069 1041 1120 δὲ
1062 1073 1248 1137 καὶπερὶ
1269 1066 1536 1138 Ὀρχομενοῦ
1569 1067 1872 1136 ἠγγέλλετο

357 1153 609 1213 ἑαλωκέναι,
648 1156 793 1221 πολλῷ
845 1151 901 1207 δὴ
953 1156 1126 1219 μᾶλλον
1179 1151 1463 1219 ἐχαλέπαινον
1515 1154 1590 1201 καὶ
1646 1145 1872 1218 ἐβούλευον

357 1233 478 1295 εὐθὺς
524 1232 594 1286 ὑπ’
640 1236 769 1302 ὀργῆς
820 1238 943 1294 κτλ.;
993 1232 1085 1279 VII
1134 1246 1208 1294 17,
1264 1249 1290 1294 3
1343 1235 1381 1283 οἱ
1430 1229 1514 1301 γὰρ
1562 1235 1767 1299 Κορίνθιοι
1816 1233 1873 1290 ὡς

357 1314 500 1377 αὐτοῖς
556 1318 595 1367 οἱ
648 1315 839 1385 πρέσβεις
895 1311 1001 1370 ἧκον
1060 1319 1135 1365 καὶ
1190 1311 1245 1365 τὰ
1302 1315 1343 1365 ἐν
1399 1323 1453 1383 τῇ
1499 1317 1670 1380 Σικελία
1720 1316 1874 1380 βελτίω

358 1398 659 1466 ἤγγελλον,
727 1401 978 1465 νομίσαντες
1035 1395 1112 1447 οὐκ
1170 1392 1351 1465 ἄκαιρον
1409 1400 1484 1447 καὶ
1538 1395 1616 1451 τὴν
1670 1394 1872 1462 προτέραν

356 1480 513 1548 πέμψιν
568 1489 651 1529 τῶν
705 1489 807 1529 νεῶν
863 1480 1141 1539 ποιήσασθαι,
1200 1483 1346 1549 πολλῷ
1396 1482 1569 1545 μᾶλλον
1619 1477 1873 1544 ἐπέρρωντο)

358 1562 526 1609 itidem
559 1578 650 1624 pro
687 1560 914 1608 iterativo
953 1560 1125 1608 haberi
1163 1570 1343 1623 potest,
1384 1560 1451 1607 ita
1484 1569 1537 1606 ut
1570 1559 1731 1622 priore
1763 1557 1873 1605 loco

359 1643 543 1691 dictum
583 1643 643 1690 sit
681 1643 743 1690 de
782 1642 962 1690 eodem
1002 1643 1172 1690 nuntio
1222 1642 1397 1689 iterato
1448 1641 1552 1688 sive
1601 1657 1631 1688 a
1669 1639 1874 1687 diversis

358 1726 579 1789 partibus
628 1723 795 1782 allato,
847 1724 1123 1787 posteriore
1164 1723 1276 1772 loco
1316 1724 1378 1771 de
1417 1722 1623 1771 diversis
1659 1722 1806 1770 rebus
1845 1738 1875 1769 a

357 1806 536 1870 legatis
592 1805 784 1867 relatis3
836 1816 1004 1854 tamen
1059 1817 1272 1869 utroque
1320 1804 1432 1853 loeo
1482 1804 1655 1853 melius
1699 1804 1873 1866 imper-

358 1889 541 1936 fectum
579 1888 646 1936 sic
686 1886 939 1950 explanari
973 1905 1123 1951 posse
1155 1898 1292 1951 puto,
1327 1897 1380 1934 ut
1412 1886 1702 1950 imperfecto
1730 1885 1873 1948 signi-

359 1969 530 2018 ficetur
562 1986 674 2017 eum
705 1969 854 2017 animi
885 1969 1131 2028 affectum,
1174 1969 1256 2032 qui
1298 1968 1468 2016 nuntio
1501 1966 1651 2016 allato
1686 1976 1874 2014 mortus

358 2069 468 2100 esse
512 2051 559 2098 in
598 2051 807 2115 apodosi
845 2051 1032 2110 dicitur,
1066 2051 1173 2115 jam
1210 2061 1316 2099 tum
1355 2067 1466 2098 cum
1498 2049 1696 2097 nuntius
1734 2048 1873 2096 affer-

358 2143 491 2181 retur
518 2133 685 2180 statim
715 2133 761 2180 in
796 2133 1099 2181 audientium
1133 2133 1325 2180 animos
1354 2149 1407 2180 se
1429 2131 1725 2190 insinuasse3
1760 2146 1873 2178 mea

359 2215 505 2277 igitur
543 2215 775 2278 opinione
814 2214 1104 2278 imperfecta
1143 2225 1257 2261 sunt
1289 2213 1602 2277 descriptiva,
1639 2229 1736 2260 non
1769 2222 1872 2259 tam

359 2296 519 2359 ipsum
552 2296 733 2343 factum
767 2296 1040 2343 nuntiantia
1074 2313 1224 2359 quam
1259 2296 1406 2343 animi
1440 2295 1673 2343 affectum
1700 2311 1871 2342 eorum

361 2376 537 2440 quibus
576 2377 893 2425 nuntiabatur
931 2388 1046 2425 ante
1086 2376 1256 2425 oculos
1292 2376 1489 2425 lectoris
1526 2375 1777 2439 ponentia.

434 2458 709 2521 Compositi
760 2476 960 2522 quoque
1009 2460 1385 2526 ἐσαγγέλλειν
1424 2458 1558 2521 impf.
1600 2475 1730 2521 pass.
1771 2457 1871 2505 ubi—

361 2557 552 2603 cunque
602 2541 809 2588 occurrit
857 2541 1081 2588 iterative
1131 2551 1421 2603 usurpatum
1472 2550 1547 2587 est
1592 2539 1655 2586 de
1694 2539 1871 2587 nuntiis

362 2639 392 2669 a
429 2622 634 2669 diversis
678 2623 899 2685 partibus
946 2621 1107 2669 allatis
1155 2623 1261 2670 sive
1309 2622 1507 2685 saepius
1553 2620 1798 2684 repetitis:
1849 2621 1868 2668 I

372 2720 482 2764 131,
531 2719 582 2763 13
623 2703 669 2749 V
712 2719 791 2765 52,
841 2720 893 2765 13
933 2703 1052 2750 VIII
1096 2716 1176 2764 79,
1225 2720 1264 2751 1.

435 2784 710 2847 Compositi
744 2784 1114 2851 οἷναγγέλλειν
1145 2785 1279 2848 impf.
1315 2784 1494 2849 legitur
1523 2783 1868 2831 tantummodo

365 2865 434 2912 IV
503 2882 611 2923 122,
674 2883 696 2911 2
758 2868 796 2916 οἱ
852 2865 898 2915 δὲ
955 2866 1308 2933 ἀνήγγελλον
1365 2865 1441 2921 τὴν
1498 2865 1735 2926 ξυνθήκην,
1795 2866 1871 2914 καί
