2119 3342
850 181 910 227 33

133 328 241 361 NUM
287 321 337 360 et
383 309 689 372 STEUPIUM1)
735 307 915 355 codicis
964 305 1193 353 Vaticani
1236 304 1331 367 (B),
1374 302 1640 363 HUD1UM2)

132 404 298 441 autem
338 390 653 440 Laurentiani
693 389 773 452 (C)
812 387 968 436 amori
1001 386 1141 433 nimis
1174 383 1444 432 indulsisse.
1485 383 1642 430 Unice

132 486 267 523 recta
316 474 439 521 ratio
484 483 559 520 est
607 488 668 519 ex
716 470 772 517 iis
821 469 1030 532 legibus,
1082 483 1210 530 quae
1257 465 1375 513 locis
1414 464 1557 511 certis
1595 463 1641 509 in

132 555 404 620 imperfecti
466 564 516 602 et
577 552 742 600 aoristi
806 568 897 598 usu
953 548 1122 597 valere
1179 546 1632 610 deprehenduntur,

131 638 289 686 dubiis
326 651 526 700 quoque
563 632 684 681 locis
721 631 1010 680 alterutrum
1048 640 1246 691 tempus
1286 626 1483 690 eligere.

204 718 290 766 Ad
328 727 603 765 extremum
633 714 696 762 de
727 713 783 760 iis
814 712 1079 760 verborum
1112 710 1297 768 formis,
1334 725 1463 772 quae
1484 724 1571 770 per
1591 723 1643 753 se

133 811 245 849 sunt
276 799 455 846 dubiae
486 797 645 845 sintne
677 794 948 858 imperfecti
981 810 1043 840 an
1075 791 1240 840 aoristi
1261 790 1371 838 loco
1393 788 1644 837 adhibitae

134 880 289 943 (velut
337 878 522 943 ἔκτεινε),
574 887 834 925 contextus
885 875 1075 922 ratione
1126 873 1299 920 habita
1346 870 1643 931 constituere

133 973 339 1012 conatus
371 978 478 1008 sum
514 959 771 1023 quomodo
804 956 1008 1021 singulis
1041 955 1159 1003 locis
1194 952 1510 1016 accipiendae
1532 951 1641 998 sint.

205 1045 495 1108 Antequam
534 1051 701 1089 autem
740 1050 939 1087 transeo
979 1038 1043 1085 ad
1081 1036 1245 1085 varios
1283 1032 1555 1098 imperfecti
1595 1042 1644 1080 et

133 1127 299 1176 aoristi
319 1143 436 1173 usus
456 1122 805 1186 Thucydideos
827 1119 1095 1184 separatim
1116 1117 1420 1175 tractandos,
1444 1131 1645 1162 monen-

133 1209 251 1257 dum
301 1206 418 1254 mihi
465 1215 540 1253 est
578 1221 674 1264 me,
715 1218 1018 1267 quamquam
1058 1200 1105 1247 in
1143 1200 1237 1247 hoc
1275 1197 1436 1261 capite
1474 1195 1645 1243 ordine

134 1287 477 1354 disputationis
527 1286 754 1333 inductus
802 1284 1012 1347 primum
1056 1282 1194 1329 varia
1234 1278 1400 1328 aoristi
1441 1294 1643 1342 genera,

134 1371 312 1419 deinde
344 1367 615 1432 imperfecti
649 1365 887 1424 recensui,
921 1375 1089 1412 tamen
1122 1364 1168 1410 in
1202 1362 1257 1409 iis
1287 1377 1417 1424 quae
1438 1375 1646 1422 sequun-
1674 1393 1678 1398 2

134 1463 211 1501 tur
260 1452 469 1516 primum
521 1449 583 1496 de
630 1446 942 1511 imperfectis,
984 1444 1163 1492 deinde
1203 1443 1265 1490 de
1303 1441 1495 1489 aoristis
1535 1457 1645 1488 esse

134 1534 391 1589 dicturum,
423 1529 692 1578 secundum
727 1528 946 1576 omnium
975 1524 1413 1590 grammaticorum
1445 1538 1646 1569 consue-

135 1615 356 1663 tudinem
394 1612 648 1661 aoristicas
686 1621 800 1674 post
840 1607 1175 1672 praesenticas
1214 1606 1398 1653 formas
1437 1613 1646 1651 tractan-

134 1697 270 1745 tium.
314 1697 366 1743 In
405 1692 698 1757 Thucydide
736 1692 831 1739 hoc
871 1706 1072 1754 quoque
1112 1687 1301 1736 accedit
1340 1686 1475 1749 quod
1515 1685 1647 1748 apud

136 1797 249 1827 eum
300 1775 587 1840 imperfecta
638 1790 842 1822 numero
895 1780 1129 1835 superant
1182 1769 1404 1817 aoristos
1460 1768 1649 1814 Auctor

137 1861 266 1908 enim
316 1869 391 1907 est
442 1875 489 1905 v.
544 1857 590 1905 d.
634 1856 690 1904 C.
735 1855 818 1902 W.
861 1854 919 1901 E.
964 1852 1211 1914 MILLER3)
1253 1850 1387 1914 apud
1427 1859 1647 1896 nostrum

137 1941 477 2005 imperfectum
530 1941 683 1999 4268,
737 1935 901 1984 aoristi
948 1946 1115 1982 autem
1154 1931 1469 1979 indicativum
1514 1945 1648 1990 3910

139 2039 421 2082 occurrere3
485 2021 567 2084 qui
623 2018 811 2066 numeri
866 2017 1027 2065 sintne
1084 2015 1148 2062 ad
1205 2013 1437 2061 amussim
1495 2027 1649 2058 necne

140 2121 314 2169 parum
352 2103 514 2151 refert.

210 2186 362 2233 Porro
414 2199 617 2230 monere
658 2180 806 2229 velim
846 2197 925 2227 me
965 2195 1064 2226 non
1104 2193 1320 2225 omnes
1359 2173 1509 2233 locos,
1551 2173 1651 2236 qui-

139 2268 232 2315 bus
281 2265 621 2329 imperfectum
672 2272 721 2310 et
769 2261 979 2309 aoristus
1028 2258 1357 2315 inveniuntur,
1404 2255 1650 2313 laudasse,

195 2523 227 2566 1)
252 2519 547 2561 Thukydides
574 2516 699 2549 erklart
727 2526 793 2546 von
817 2514 847 2555 J.
876 2513 1034 2545 CLASSEN
1061 2510 1207 2555 (Berlin,
1234 2507 1523 2541 NVeidmannsche
1547 2507 1654 2538 Buch-

141 2578 351 2621 handlung),
373 2577 466 2618 cujus
491 2575 604 2617 operis
627 2573 787 2614 majorem
810 2576 940 2613 partem
955 2569 1029 2613 (lib.
1045 2569 1159 2601 I—IV
1174 2573 1207 2599 et
1224 2567 1287 2610 VI)
1301 2566 1488 2598 recentiore
1503 2565 1655 2596 editione

145 2637 340 2680 procuravit
362 2647 381 2667 a
407 2646 438 2666 v.
465 2635 497 2665 d.
522 2634 552 2675 J.
579 2633 705 2664 STEUP.

193 2694 229 2738 2)
255 2692 536 2734 Thucydidis
562 2688 799 2721 Historiae
822 2687 865 2719 ad
886 2686 1035 2728 optimos
1057 2685 1192 2716 codices
1214 2683 1328 2713 denuo
1351 2682 1392 2712 ab
1416 2681 1492 2722 ipso
1516 2679 1658 2710 collatos

145 2752 316 2785 recensuit
351 2751 520 2783 CARoLus
558 2749 671 2779 HUDE
716 2746 791 2789 (lib.
831 2745 946 2776 I—IV
988 2742 1088 2785 1898,
1115 2742 1174 2773 lib.
1202 2740 1368 2771 V——VIII
1401 2747 1505 2781 19013
1532 2737 1659 2778 Lipsiae

146 2810 240 2853 apud
263 2806 512 2850 Teubnerum),
538 2815 627 2847 quae
652 2803 759 2836 editio
785 2806 952 2844 apparatu
978 2799 1252 2841 locupletissimo
1279 2801 1398 2828 ornata
1424 2800 1486 2826 est.

196 2867 237 2911 3)
264 2867 338 2899 The
363 2864 547 2907 Imperfect
571 2862 641 2895 and
666 2862 724 2894 the
748 2861 864 2892 Aoi-ist
886 2860 923 2891 in
946 2858 1061 2890 Greek
1083 2857 1142 2900 (A.
1162 2857 1192 2898 J.
1216 2857 1251 2887 P.
1275 2855 1370 2897 XVI,
1397 2850 1502 2897 1895)
1524 2863 1558 2894 p.
1585 2859 1660 2891 142.

1488 2928 1507 2961 3
