2119 3342
1096 221 1156 253 22

361 367 458 414 que
491 347 779 397 alterut‘rum
813 358 1010 411 tempus
1042 346 1157 411 eligi
1196 364 1286 410 pro
1308 363 1494 409 genere
1516 346 1722 395 actionis
1745 345 1881 410 quod

361 448 508 478 sensu
559 430 833 493 requiritur,
874 439 1042 477 tamen
1082 427 1237 476 multo
1276 428 1475 491 saepius
1515 428 1581 475 ad
1619 427 1880 491 designan-

362 511 478 559 dam
513 511 758 558 actionem
792 510 1061 573 quandam,
1098 526 1227 572 quae
1255 520 1481 571 tempore
1502 508 1710 556 alteram
1731 508 1881 555 actio-

363 610 492 649 nem,
517 593 661 656 juxta
693 602 1040 647 memoratam,
1076 590 1360 653 praecessit,
1393 590 1603 637 aoristus
1624 606 1776 652 quam
1797 589 1882 636 im-

361 674 634 737 perfectum
667 673 943 720 adhibetur.
981 672 1135 736 Cujus
1158 672 1227 718 rei
1248 688 1399 719 causa
1419 671 1543 718 haec
1565 680 1640 718 est
1663 670 1798 734 quod
1818 686 1879 717 ea

363 756 509 814 actio,
568 772 697 818 quae
747 754 956 802 alteram
1005 753 1269 810 actionem,
1323 753 1385 800 de
1437 769 1536 815 qua
1587 768 1716 799 nunc
1764 751 1883 799 data

366 854 520 899 opera
570 837 748 900 agitur,
792 835 1122 898 praecessisse
1161 844 1480 893 memoratur,
1521 832 1815 897 plerumque
1854 849 1884 880 a

364 918 603 980 scriptore
658 928 707 965 et
762 916 947 964 lectore
1005 917 1165 963 minus
1218 915 1488 963 attenditur
1538 931 1689 978 quam
1741 914 1882 973 haec,

364 999 579 1062 ideoque
629 999 821 1045 formae
873 997 1192 1060 punctativae
1244 996 1271 1043 i.
1307 1013 1350 1044 e.
1404 997 1588 1044 aoristo
1634 996 1711 1043 hic
1748 994 1885 1042 locus

366 1090 456 1128 est.
489 1079 604 1140 Quo
628 1079 682 1127 fit
703 1090 755 1126 ut
776 1079 1084 1142 participium
1107 1078 1275 1126 aoristi
1296 1078 1398 1125 fere
1419 1094 1619 1141 semper
1638 1077 1885 1124 actionem

366 1160 561 1219 indicet,
621 1177 752 1223 quae
802 1161 1049 1208 actionem
1100 1159 1241 1206 verbi
1291 1158 1506 1222 primarii
1557 1156 1887 1222 praecessisse

368 1241 583 1305 fingitur.
619 1242 814 1289 Eodem
849 1242 1060 1304 pertinet
1091 1240 1226 1304 quod
1255 1240 1302 1287 in
1335 1240 1390 1287 iis
1421 1240 1687 1287 enuntiatis
1718 1255 1886 1287 secun-

369 1324 531 1381 dariis,
567 1340 696 1387 quae
730 1340 917 1371 meram
951 1322 1348 1385 praecessionem
1378 1319 1709 1384 temporalem
1741 1321 1888 1384 signi-

371 1404 536 1464 ficant,
568 1403 861 1467 plerumque
883 1403 1049 1451 aoristi
1069 1402 1313 1466 leguntur.
1331 1402 1365 1465 1)
1389 1401 1716 1449 Nihilominus
1737 1401 1887 1449 etiam

369 1486 450 1545 ibi,
519 1486 601 1533 ubi
660 1486 836 1533 Latine
892 1484 1291 1548 plusqupfectum
1349 1483 1687 1531 adhibendum
1744 1482 1886 1540 foret,

370 1567 805 1630 imperfectum
845 1577 1122 1629 usurpatur,
1164 1583 1274 1613 cum
1314 1565 1521 1628 scriptor
1559 1565 1888 1612 actionem

371 1665 470 1711 pra
482 1665 510 1695 e
522 1666 545 1695 s
557 1665 584 1695 e
597 1665 626 1695 n
639 1658 658 1695 t
669 1649 682 1695 i
695 1665 720 1696 c
732 1665 761 1695 a
773 1665 820 1694 m
842 1647 1052 1695 dilucide
1066 1647 1342 1710 exprimere
1356 1645 1476 1706 vult,
1493 1646 1630 1711 cujus
1645 1645 1713 1693 rei
1728 1662 1889 1692 exem-

373 1728 509 1793 plum
543 1729 754 1777 vidimus
787 1729 834 1776 in
868 1728 977 1777 loco
1003 1727 1207 1776 laudato
1228 1727 1274 1774 V
1304 1731 1380 1788 16,
1411 1744 1426 1774 1
1457 1727 1888 1791 (ἠναντιοῦντο).

373 1810 582 1874 Aliquot
631 1810 783 1870 locos,
831 1811 1008 1873 quibus
1047 1810 1114 1857 sic
1153 1809 1365 1857 aoristus
1405 1809 1508 1856 sive
1547 1807 1890 1871 imperfectum

373 1909 402 1939 a
440 1892 734 1954 Thucydide
774 1901 1012 1955 usurpata
1049 1901 1178 1947 sunt,
1220 1889 1487 1953 separatim
1527 1889 1770 1937 tractabo.

445 1974 526 2020 De
576 1973 892 2036 imperfecti2)
941 1983 990 2020 et
1037 1972 1204 2019 aoristi
1254 1971 1504 2018 indicativi
1541 1971 1589 2017 in
1628 1969 1893 2018 enuntiatis

374 2055 704 2119 hypotheticis
742 2072 831 2101 usu
871 2071 968 2101 non
1010 2070 1233 2100 seorsum
1273 2052 1529 2099 disseram.
1562 2051 1693 2099 Satis
1725 2051 1891 2098 habeo

374 2137 422 2184 in
479 2135 675 2183 lectoris
732 2136 949 2183 animum
1001 2150 1239 2182 revocare
1290 2151 1350 2181 ea
1401 2149 1532 2196 quae
1583 2132 1646 2180 de
1697 2132 1790 2179 hac
1840 2147 1892 2178 re

376 2216 629 2281 praeclare
668 2217 896 2280 exposuit
935 2216 1301 2278 Brugmannus‚
1344 2214 1430 2262 Gr.
1474 2213 1590 2261 Gr.³
1623 2214 1685 2275 ἓξ
1721 2216 1892 2274 565—-

380 2301 495 2359 567.
556 2297 711 2360 Apud
761 2297 1104 2360 Thucydidem
1156 2297 1202 2343 in
1255 2312 1441 2358 genere
1491 2294 1701 2342 eaedem
1753 2292 1892 2356 leges

376 2377 546 2427 valent
584 2395 712 2442 quae
752 2379 885 2442 apud
924 2389 1115 2425 ceteros
1148 2377 1410 2440 scriptores
1444 2375 1665 2423 Atticos:
1701 2391 1812 2421 cum
1844 2375 1892 2421 in

378 2459 564 2523 protasi
613 2458 773 2506 irreali
822 2470 926 2507 tum
977 2460 1024 2506 in
1074 2458 1283 2521 apodosi
1334 2456 1493 2504 irreali
1531 2455 1890 2519 imperfectum,

378 2542 416 2588 si
466 2551 663 2604 tempus
701 2558 953 2604 praesens,
994 2541 1220 2599 aoristus,
1261 2540 1300 2586 si
1339 2550 1534 2602 tempus
1573 2537 1891 2600 praeteritum

430 2663 463 2705 Ι)
489 2673 593 2704 quam
622 2673 691 2694 rem
718 2662 798 2693 data
825 2671 929 2702 opera
956 2660 1114 2691 tractavit
1140 2660 1175 2690 in
1203 2670 1264 2691 sua
1290 2659 1532 2690 dissertatione
1555 2657 1749 2699 inaugurali
1772 2656 1894 2688 mulier

380 2721 577 2752 doctissima
611 2720 809 2751 XVINJFRED
842 2718 1010 2749 WARREN
1037 2718 1068 2748 A
1095 2717 1194 2758 study
1223 2716 1261 2748 of
1282 2715 1540 2758 conjunctional
1568 2714 1737 2756 temporal
1761 2714 1893 2746 clauses

379 2779 416 2810 in
441 2777 667 2818 Thukydides
691 2776 823 2819 (Berlin
854 2775 970 2818 1897).

428 2834 463 2876 2)
489 2834 696 2876 Ubicunque
723 2833 961 2876 imperfectum
987 2832 1076 2875 dico,
1103 2831 1207 2864 modo
1234 2843 1304 2864 non
1327 2831 1493 2874 indicato,
1508 2829 1702 2872 imperfecti
1725 2829 1892 2861 indica-

369 2893 507 2925 tivum
533 2891 624 2923 volo.
