2119 3342
901 208 990 256 105

187 341 275 389 sed
320 358 435 389 casu
474 350 524 388 et
562 338 763 387 fortuito
802 337 968 386 evenit
1006 346 1059 383 ut
1096 335 1151 382 iis
1189 333 1308 381 locis
1348 333 1476 381 actio
1516 332 1694 379 iterata

187 423 486 485 designetur,
521 421 588 468 ita
621 430 673 467 ut
704 430 867 467 utrum
898 418 973 465 vis
1004 415 1345 479 exspectativa
1381 430 1443 461 an
1465 414 1538 460 vis
1559 413 1700 459 itera-

186 503 288 550 tiva
326 504 373 550 in
411 503 467 549 iis
504 500 801 565 imperfectis
835 496 1125 562 praevaleat
1156 496 1426 560 dijudicare
1460 511 1558 541 non
1593 510 1701 556 pos-

187 585 350 632 simus.
402 583 521 631 Loci
568 592 681 629 sunt
727 581 798 628 hi:
842 579 912 626 IV
953 595 1035 639 94,
1081 594 1104 624 2
1149 575 1425 627 καθεστώτων
1465 571 1504 624 δ’
1543 576 1583 633 ἐς
1621 573 1700 629 τὴν

185 664 308 726 τοῖξιν
340 669 414 715 καὶ
446 663 533 722 ἤδη
565 662 809 731 μελλόντων
842 660 1046 721 ξυνιέναι,
1075 655 1358 725 Ἱπποκράτης
1397 661 1421 705 ὁ
1458 655 1702 722 στρατηγὸς

187 744 409 815 ἐπιπαριὼν
446 744 493 795 τὸ
530 743 812 813 στρατόπεδον
840 751 922 792 τῶν
951 737 1188 799 Ἀθηναίων
1227 733 1621 806 παρεκελεύετό
1659 757 1700 785 τε

187 833 262 879 καὶ
299 825 446 895 ἔλεγε
483 824 651 877 τοιοίδεε
692 823 982 888 imperfecta
1018 820 1296 885 significant
1337 819 1700 882 Hippocratem

188 920 304 958 ante
353 909 562 973 primam
612 907 768 955 aciem
817 905 1022 952 diversis
1071 902 1190 950 locis
1241 900 1406 965 plures
1453 899 1701 947 orationes

186 992 234 1038 in
285 991 496 1038 eandem
547 988 842 1037 sententiam
882 985 1141 1044 habuisse3
1182 981 1398 1029 similiter
1435 981 1505 1027 VI
1548 983 1628 1041 67,
1673 996 1698 1040 3

186 1071 392 1140 μέλλουσι
432 1070 478 1121 δὲ
515 1077 602 1130 τοῖς
641 1067 879 1128 Ἀθηναίοις
918 1066 1128 1135 προτέροις
1167 1064 1441 1132 ἐπιχειρήσειν
1481 1066 1504 1111 ὁ
1543 1065 1701 1120 Νικίας

188 1151 306 1204 κατοί
338 1175 380 1203 τε
417 1150 513 1211 ἔθνη
553 1148 778 1220 ἐπιπαριὼν
817 1147 979 1200 ἕκαστα
1017 1151 1091 1197 καὶ
1132 1143 1326 1213 ξύμπασι
1363 1141 1506 1194 τοιοίδε
1543 1163 1701 1211 παρε-

187 1231 460 1285 κελεύετο;
522 1233 690 1280 Nicias
745 1232 792 1278 in
843 1230 1055 1278 eandem
1104 1225 1399 1274 sententiam
1451 1223 1700 1271 orationes

187 1317 359 1364 habuit
408 1316 472 1364 ad
519 1315 740 1362 diversas
790 1312 1042 1375 copiarum
1090 1318 1257 1373 partes
1308 1316 1358 1354 et
1407 1315 1585 1369 postea
1637 1304 1702 1351 ad

188 1398 456 1446 exereitum
493 1396 803 1454 universum3
844 1393 935 1439 VII
976 1408 1057 1452 44,
1100 1407 1131 1451 4
1170 1397 1215 1440 οἵ
1247 1410 1289 1439 τε
1326 1384 1411 1455 γὰρ
1448 1384 1700 1454 Συρακόσιοι

188 1483 262 1530 καὶ
312 1481 351 1529 οἱ
400 1475 633 1546 ξύμμαχοι
685 1480 936 1544 κρατοῦντες
985 1467 1416 1541 παρεκελεύοντό
1465 1489 1507 1517 τε
1557 1466 1701 1530 (inter

187 1577 241 1609 se
280 1559 686 1622 cohortabantur)
725 1564 896 1625 κραυγῇ
935 1552 1013 1605 οὐκ
1051 1555 1173 1621 ὀλίγῃ
1217 1549 1429 1620 χρώμενοι
1461 1553 1581 1599 κτλ.;
1616 1546 1701 1593 im-

189 1642 409 1704 perfecto
448 1636 774 1708 παρεκελεύοντο
807 1637 931 1684 sicut
961 1634 1134 1683 ceteris
1172 1648 1373 1697 quoque
1402 1628 1700 1693 imperfectis

189 1740 318 1787 quae
347 1723 394 1770 in
428 1739 488 1769 ea
520 1718 840 1784 paragrapho
873 1725 1133 1765 occurrunt
1162 1712 1378 1761 conditio
1400 1709 1700 1773 aliquamdiu

188 1804 473 1852 continuata
538 1801 851 1859 describitur3
921 1815 981 1846 ea
1037 1796 1183 1861 igitur
1238 1792 1527 1856 imperfecta
1588 1799 1701 1837 sunt

189 1885 484 1948 descriptiva
523 1883 627 1930 sive
664 1881 905 1929 iterativa.

262 1965 449 2014 Aoristi
495 1964 690 2011 indicat.
737 1962 812 2009 bis
843 1960 1088 2008 invenitur
1125 1967 1240 2021 post
1278 1954 1486 2003 relatam
1525 1953 1700 2001 oratio-

191 2065 304 2096 nem
361 2047 613 2105 directam,
672 2060 852 2107 nempe
910 2043 952 2089 II
1013 2043 1092 2100 88,
1160 2057 1176 2086 1
1242 2040 1437 2102 (τοιαῦτα
1491 2034 1568 2103 μὲν
1616 2040 1702 2093 τοῖς

190 2132 543 2187 Πελοποννησίοις
592 2129 630 2177 οἱ
663 2123 866 2194 ἄρχοντες
906 2118 1410 2191 παρεκελεύσαντο)
1458 2127 1507 2165 et
1547 2132 1628 2177 90,
1677 2131 1694 2161 1

192 2210 386 2273 (τοιαῦτα
425 2207 471 2259 δὲ
510 2212 586 2258 καὶ
625 2212 648 2257 0‘
686 2210 881 2275 Φορμίων
919 2199 1410 2273 παρεκελεύσατο),
1452 2215 1550 2262 quo
1590 2197 1701 2244 loco

190 2290 296 2338 sine
334 2289 484 2337 dubio
524 2306 634 2336 cum
673 2287 921 2335 codicibus
959 2285 1000 2333 C
1039 2285 1082 2332 E
1111 2283 1159 2331 G
1189 2300 1292 2331 aor.
1332 2276 1703 2349 παρεκελεύσατο

191 2371 434 2436 legendus
490 2380 579 2427 est,
638 2386 736 2417 non
793 2368 928 2431 impf.
986 2362 1306 2435 παρεκελεύετο
1364 2362 1499 2426 quod
1555 2360 1700 2408 codd.

192 2453 241 2500 A
290 2453 327 2499 B
378 2452 418 2498 F
465 2452 519 2498 M
569 2450 804 2498 exhibent
861 2448 937 2512 (cf.
991 2447 1061 2495 St.
1110 2463 1222 2495 ann.
1276 2445 1341 2492 ad
1392 2444 1434 2490 II
1492 2456 1571 2504 71,
1630 2443 1701 2504 1):

194 2533 436 2598 ejusmodi
486 2532 616 2580 enim
666 2530 785 2578 locis
833 2530 1042 2578 verbum
1082 2527 1290 2586 dicendi,
1330 2535 1576 2589 quatenus
1613 2522 1705 2569 sub

194 2614 442 2662 indicativi
481 2614 641 2661 forma
679 2612 901 2671 occurrit,
942 2627 1139 2673 semper
1175 2606 1455 2656 aoristicam
1493 2605 1705 2652 formam

195 2695 349 2743 induit
396 2696 516 2759 (aor.
571 2704 724 2742 const.
748 2694 796 2757 1).
853 2691 1072 2756 Reliquis
1123 2690 1242 2737 locis
1285 2705 1386 2736 aor.
1430 2697 1545 2734 ante
1584 2684 1705 2732 rela-

247 2881 280 2924 1)
306 2881 348 2913 de
373 2891 442 2923 qua
467 2890 502 2911 re
529 2877 684 2921 pluribus
711 2876 798 2908 iufra
823 2875 840 2919 ἓ
868 2884 928 2908 21.

1562 2945 1599 2968 11
