2119 3342
1060 234 1120 279 14

327 364 523 428 poterit:
575 362 753 410 aoristis
802 360 1018 409 omnibus
1068 359 1326 408 communis
1363 369 1435 407 est
1471 358 1556 406 vis
1601 367 1846 422 puncta-

327 446 469 505 tiva‚
512 462 607 508 qua
643 461 763 491 voce
790 444 854 490 uti
889 442 996 489 mihi
1027 441 1163 489 liceat
1193 458 1281 505 pro
1311 458 1370 489 eo
1404 440 1533 504 quod
1567 439 1848 487 Germanice

328 527 486 574 dicitur
547 526 649 587 „die
704 523 977 588 punktuelle
1033 522 1362 587 Bedeutung'',
1430 522 1531 582 „die
1579 518 1850 584 punktuelle

328 607 557 666 Aktion’',
623 606 733 667 „der
791 603 1226 669 Punktualbegriff''
1251 603 1312 669 1)3
1364 603 1543 650 aoristis
1592 600 1849 666 ingressivo

327 700 376 737 et
423 688 639 736 effectivo
679 687 812 750 quasi
849 703 991 733 unum
1029 685 1358 733 tantummodo
1397 683 1588 731 actionis
1625 692 1848 746 punctum
1877 678 1880 681 ⁴

328 769 634 835 significatur:
706 768 893 827 initium,
953 767 1066 814 finis.
1127 767 1317 814 Aoristo
1374 776 1533 813 autem
1589 764 1850 812 constativo

327 862 429 900 tota
484 850 620 910 actio,
680 860 987 913 quotcunque
1043 858 1286 896 momenta
1344 847 1562 905 continet,
1620 845 1754 908 quasi
1809 844 1852 891 in

329 949 472 980 unum
520 941 744 995 punctum
782 929 1078 987 contrahitur,
1127 929 1219 989 „sie
1256 928 1415 975 wurde
1453 927 1539 974 wie
1577 926 1659 973 mit
1698 926 1852 973 einem

331 1013 463 1061 Blick
511 1030 626 1060 vom
666 1011 863 1075 Anfang
900 1011 971 1057 bis
1009 1027 1113 1056 zum
1152 1008 1416 1056 Abschluss
1455 1005 1790 1055 uberschaut.'’
1816 1007 1850 1070 2)

330 1094 447 1142 Sunt
491 1103 667 1151 autem,
718 1092 761 1139 in
812 1091 980 1154 quibus
1029 1089 1279 1137 Meltzerus
1298 1091 1349 1152 3),
1399 1089 1477 1152 qui
1523 1098 1753 1146 recusant,
1794 1104 1854 1135 ne

331 1176 609 1224 adhibeatur
662 1191 758 1221 vox
823 1170 1126 1236 „punktuell”
1186 1171 1248 1218 ad
1303 1170 1648 1235 designandam
1698 1168 1856 1217 aoristi

330 1257 569 1305 notionem
618 1253 906 1321 generalem,
959 1253 1137 1316 quippe
1175 1269 1300 1315 quae
1337 1269 1432 1299 vox
1470 1250 1615 1299 falsae
1653 1249 1853 1314 opinioni

331 1338 486 1386 locum
535 1338 649 1385 dare
698 1336 857 1400 possit,
911 1335 948 1382 si
998 1335 1104 1397 quis
1144 1334 1321 1398 cogitet
1358 1333 1420 1380 de
1457 1332 1588 1380 brevi
1625 1332 1854 1395 temporis

332 1429 592 1478 momento,
631 1418 691 1466 de
731 1428 902 1481 puncto
940 1416 1165 1479 temporis
1196 1415 1388 1478 propri0
1422 1431 1588 1474 sensu3
1625 1413 1855 1477 quamob-

332 1519 434 1549 rem
487 1500 570 1548 illis
623 1500 728 1547 viris
778 1499 926 1546 doctis
976 1498 1128 1561 aptius
1177 1497 1358 1544 videtur
1409 1496 1568 1544 aoristi
1617 1495 1856 1542 notionem

332 1599 632 1631 communem
681 1581 881 1628 indicare
931 1596 1051 1627 voce
1102 1596 1226 1642 quae
1276 1588 1348 1625 est
1393 1578 1480 1625 vis
1517 1577 1856 1640 perfectiva

332 1665 462 1728 („die
493 1663 747 1727 perfective
780 1659 1130 1725 Bedeutung”).
1169 1660 1279 1720 Qua
1313 1676 1447 1718 voce,
1478 1675 1603 1721 quae
1622 1658 1855 1706 actionem

331 1745 596 1794 aoristicam
647 1743 1043 1808 praesenticarum
1093 1742 1346 1789 formarum
1396 1740 1562 1788 actioni
1615 1739 1855 1787 durativae

332 1827 542 1891 opponit,
572 1824 854 1891 significatur
883 1823 1056 1872 aoristo
1087 1823 1130 1869 in
1161 1839 1340 1887 genere
1373 1821 1568 1884 exprimi
1587 1820 1729 1868 finem
1749 1837 1855 1867 con-

332 1908 511 1956 ditionis
554 1907 864 1964 continuatae,
904 1904 1074 1953 scilicet
1111 1904 1284 1952 aoristo
1323 1903 1539 1951 effectivo
1577 1902 1720 1950 finem
1757 1903 1857 1966 ejus

335 1990 528 2039 actionis
577 2005 702 2052 quae
745 1988 847 2051 ipso
884 1987 1034 2034 verbo
1073 1986 1342 2043 continetur,
1384 1984 1556 2032 aoristo
1594 1993 1757 2031 autem
1795 1983 1855 2030 in-

334 2071 547 2137 gressivo
603 2069 745 2117 finem
801 2069 901 2133 ejus
956 2067 1227 2115 conditionis
1283 2083 1343 2114 ex
1399 2083 1494 2128 qua
1550 2065 1671 2112 actio
1725 2064 1858 2112 verbi

333 2163 444 2200 nata
491 2162 577 2199 est.
620 2150 892 2198 Secundum
932 2166 1016 2196 eos
1053 2149 1176 2196 viros
1214 2148 1381 2195 doctos
1420 2147 1562 2194 etiam
1600 2163 1711 2194 usus
1748 2163 1856 2194 con-

337 2234 530 2282 stativus
570 2231 725 2280 aoristi
763 2248 822 2278 ex
858 2230 948 2277 hac
984 2230 1027 2277 vi
1066 2229 1322 2293 perfectiva
1361 2227 1640 2275 derivandus
1679 2237 1765 2275 est.

407 2314 541 2361 Nunc
596 2324 892 2361 transeamus
949 2311 1011 2358 ad
1066 2310 1263 2358 alteram
1322 2309 1670 2373 quaestionem:
1732 2325 1858 2371 quae

336 2397 392 2444 sit
441 2395 595 2443 aoristi
633 2394 802 2441 Graeci
838 2392 1109 2458 significatio
1146 2391 1376 2455 primaria.
1418 2389 1609 2453 Aliquid
1646 2389 1756 2437 certi
1795 2389 1858 2437 ad

337 2478 457 2544 hanc
501 2475 827 2539 quaestionem
876 2473 1149 2537 responderi
1186 2490 1330 2536 posse
1367 2489 1460 2520 non
1497 2471 1692 2519 videtur.
1735 2471 1858 2519 Cum

338 2559 459 2606 enim
497 2558 540 2604 in
578 2556 764 2621 linguae
804 2554 1023 2602 Graecae
1061 2553 1371 2601 monumentis
1400 2552 1624 2602 litterariis
1656 2553 1762 2600 inde
1793 2554 1857 2601 ab

391 2791 424 2835 1)
451 2791 503 2825 Cf.
529 2792 670 2833 Brugm.
698 2790 757 2822 Gr.
786 2789 870 2822 Gr.3
896 2800 930 2832 p.
959 2796 1030 2830 474
1055 2799 1109 2831 sq.

387 2848 425 2892 2)
450 2850 588 2890 Brugm.
614 2848 675 2879 1.1.
703 2858 738 2890 p.
765 2846 847 2888 476.

388 2906 425 2950 3)
450 2907 487 2938 in
513 2906 804 2938 commentatione
830 2904 970 2936 laudata
995 2905 1061 2936 Zur
1088 2904 1197 2936 Lehre
1223 2914 1290 2936 von
1318 2904 1386 2937 den
1413 2904 1593 2937 Aktionen
1619 2908 1684 2936 etc.
