2119 3342
1082 183 1146 228 34

359 312 493 375 quod
526 310 736 374 improbi
768 308 951 357 laboris
981 326 1071 357 nec
1090 325 1190 356 non
1211 322 1637 371 supervacaneum
1659 304 1816 352 fuerit.
1833 304 1869 367 1)

360 393 489 440 Satis
540 391 690 440 habui
739 391 987 439 variorum
1026 390 1194 439 aoristi
1233 399 1283 437 et
1319 387 1591 452 imperfecti
1629 402 1870 450 generum

360 475 478 523 satis
528 473 682 521 multa
733 490 892 537 eaque
941 472 1074 521 clara
1123 469 1353 535 exempla
1397 469 1645 532 referrefi‘)
1685 469 1872 515 Eorum

362 565 527 603 autem
566 555 849 615 verborum,
891 571 1099 618 quorum
1131 552 1419 617 imperfecta
1449 561 1499 599 et
1531 549 1742 598 aoristos
1775 565 1874 596 uno

362 647 536 684 tenore
586 636 899 700 pertractavi,
954 653 1128 684 omnes
1178 634 1315 682 locos
1365 631 1561 691 contuli,
1611 641 1663 678 ut
1713 648 1775 678 ex
1821 630 1877 676 iis

362 728 496 766 certa
546 718 795 781 quaedam
849 718 896 765 in
939 736 1028 765 usu
1066 715 1393 779 Thucydideo
1428 712 1706 761 discrimina
1738 711 1875 759 elice-

362 817 481 847 rem.
518 799 840 863 Quamquam
873 809 1042 847 autem
1075 798 1312 862 imprimis
1344 795 1615 859 imperfecti
1642 804 1691 842 et
1711 793 1878 841 aoristi

362 881 741 928 indicativos
772 881 997 939 tractavi,
1029 890 1197 928 tamen
1232 878 1477 926 interdum
1510 875 1634 924 alias
1678 891 1878 938 quoque

365 963 698 1026 praesenticas
748 963 854 1010 sive
904 962 1157 1010 aoristicas
1206 961 1391 1008 formas
1444 957 1661 1017 adhibui
1702 957 1880 1021 quibus

363 1043 619 1107 cujusdam
666 1044 804 1092 verbi
854 1043 1219 1108 praesenticam
1269 1042 1374 1089 sive
1413 1040 1693 1130 aoristicam
1733 1038 1880 1102 signi-

365 1124 647 1172 ficationem
685 1125 976 1174 luculentius
1014 1124 1322 1173 illustrarem.

438 1206 524 1253 Ad
574 1217 850 1255 extremum
900 1207 1205 1255 monendum
1257 1205 1374 1252 mihi
1425 1213 1501 1252 est
1550 1213 1726 1251 natura
1777 1201 1884 1266 ejus

369 1288 606 1336 materiae
656 1307 806 1353 quam
857 1289 951 1337 hoc
989 1288 1153 1337 libello
1195 1286 1506 1336 tractandam
1546 1285 1662 1332 mihi
1699 1284 1886 1348 sumpsi

369 1370 611 1430 evenisse,
645 1382 698 1419 ut
730 1389 883 1436 saepe
916 1370 1146 1434 exemplo
1177 1368 1448 1434 imperfecti
1471 1366 1722 1431 quendam
1743 1382 1885 1413 usum

367 1450 626 1500 illustranti
660 1452 822 1501 locum
857 1453 1080 1518 ejusdem
1107 1452 1246 1500 verbi
1266 1451 1503 1499 aoristum
1531 1448 1885 1507 continentem,

371 1532 590 1597 itemque
628 1535 794 1583 aoristi
832 1534 1065 1599 exemplo
1098 1551 1252 1598 saepe
1284 1532 1507 1597 ejusdem
1540 1530 1678 1578 verbi
1712 1530 1886 1593 imper-

370 1614 554 1663 fectum
587 1618 753 1665 statim
786 1618 1121 1681 opposuerim‚
1169 1616 1559 1679 quotiescunque
1598 1611 1722 1659 haec
1760 1612 1886 1659 ratio

371 1697 436 1745 ad
493 1697 668 1746 horum
716 1710 996 1764 temporum
1049 1699 1096 1746 in
1149 1698 1369 1762 quodam
1419 1695 1573 1744 verbo
1628 1693 1884 1741 discrimen

371 1778 732 1829 enucleandum
771 1791 890 1846 apta
929 1780 1205 1829 videbatur.

423 1994 456 2039 1)
483 1993 552 2035 Qui
573 2001 693 2024 omnes
725 1989 820 2021 locos
854 1986 1029 2029 cujusdam
1064 1985 1159 2017 verbi
1196 1983 1350 2016 conferre
1384 1983 1488 2026 volet,
1526 1981 1627 2014 facile
1662 1980 1818 2013 inveniet
1850 1980 1886 2012 in

374 2054 529 2087 Indice
563 2047 860 2090 Thucydideo
894 2037 1052 2077 confecto
1087 2055 1106 2075 a
1140 2054 1173 2075 v.
1199 2043 1231 2074 d.
1259 2043 1307 2074 M.
1336 2043 1382 2073 H.
1409 2041 1453 2074 N.
1480 2049 1555 2072 VON
1578 2040 1692 2072 ESSEN
1719 2039 1890 2082 (Berolini

374 2111 468 2154 apud
500 2109 750 2141 Weidmannos
788 2103 912 2146 1887);
948 2101 1042 2144 quod
1075 2112 1162 2143 opus
1198 2101 1234 2132 in
1268 2100 1334 2131 hoc
1367 2099 1489 2131 libello
1515 2097 1730 2130 conficiendo
1756 2107 1892 2138 semper

374 2169 459 2201 mihi
486 2171 608 2210 praesto
635 2165 738 2197 fuisse
764 2173 827 2194 nec
854 2172 926 2193 non
953 2159 1153 2192 Lexicon
1180 2157 1524 2199 Thucydideum
1551 2155 1745 2187 confectum
1768 2165 1787 2186 a
1807 2165 1839 2186 v.
1862 2164 1892 2186 c.

376 2228 416 2259 E.
446 2227 486 2257 A.
513 2226 664 2256 BETANT
689 2221 855 2264 (Genevae
885 2216 1085 2260 1843—47)
1110 2226 1211 2248 nemo
1237 2226 1308 2247 non
1335 2215 1513 2256 intelligit.

423 2283 460 2327 2)
485 2287 521 2314 ut
548 2282 611 2313 FR.
638 2280 870 2311 HULTSCHIUS
896 2286 1036 2318 quoque
1062 2275 1098 2306 in
1125 2274 1296 2306 uberrimo
1328 2278 1361 2305 et
1387 2272 1641 2304 accuratissimo
1669 2280 1773 2313 opere
1803 2269 1892 2312 „Die

376 2339 605 2374 erzfihlenden
639 2335 847 2369 Zeitformen
881 2334 939 2365 bei
974 2331 1160 2374 Polybios''
1195 2330 1387 2374 (Abhandl.
1425 2330 1458 2362 d.
1494 2330 1603 2361 sachs.
1638 2327 1829 2361 Gesellsch.
1858 2327 1891 2359 d.

376 2394 587 2429 Wissenseh.
626 2393 724 2425 Band
761 2391 846 2423 XIII
884 2401 918 2432 p.
962 2398 1115 2433 1—2103
1156 2388 1361 2431 347—4683
1401 2387 1500 2419 Band
1538 2387 1621 2418 XIV
1661 2397 1696 2428 p.
1738 2383 1892 2428 1—100)

376 2463 596 2496 nequaquam
621 2460 739 2483 omnes
764 2449 859 2481 locos
884 2448 1094 2490 Polybianos
1120 2447 1286 2479 tractavit.
