<?xml version="1.0" encoding="UTF-8"?>
<!DOCTYPE html PUBLIC "-//W3C//DTD XHTML 1.0 Transitional//EN"
    "http://www.w3.org/TR/xhtml1/DTD/xhtml1-transitional.dtd">
<html xmlns="http://www.w3.org/1999/xhtml" xml:lang="en" lang="en">
 <head>
  <title>
</title>
<meta http-equiv="Content-Type" content="text/html;charset=utf-8" />
  <meta name='ocr-system' content='tesseract 3.04.00' />
  <meta name='ocr-capabilities' content='ocr_page ocr_carea ocr_par ocr_line ocrx_word'/>
</head>
<body>
  <div class='ocr_page' id='page_1' title='image "./deimperfectietao00hilluoft_0059.png"; bbox 0 0 2119 3342; ppageno 0'>
   <div class='ocr_carea' id='block_1_1' title="bbox 876 205 941 251">
    <p class='ocr_par' dir='ltr' id='par_1_1' title="bbox 876 205 941 251">
     <span class='ocr_line' id='line_1_1' title="bbox 876 205 941 251; baseline 0.015 -1"><span class='ocrx_word' id='word_1_1' title='bbox 876 205 941 251; x_wconf 83' lang='lat'>43</span> 
     </span>
    </p>
   </div>
   <div class='ocr_carea' id='block_1_2' title="bbox 151 327 1679 2683">
    <p class='ocr_par' dir='ltr' id='par_1_2' title="bbox 152 327 1661 477">
     <span class='ocr_line' id='line_1_2' title="bbox 220 327 1661 396; baseline -0.004 -16"><span class='ocrx_word' id='word_1_2' title='bbox 220 331 374 380; x_wconf 86' lang='lat' dir='ltr'>Verbi</span> <span class='ocrx_word' id='word_1_3' title='bbox 412 331 617 394; x_wconf 79' lang='grc' dir='ltr'><strong><em>α’ξιοῦν</em></strong></span> <span class='ocrx_word' id='word_1_4' title='bbox 656 331 790 396; x_wconf 87' lang='lat' dir='ltr'><strong>impf.</strong></span> <span class='ocrx_word' id='word_1_5' title='bbox 830 335 892 379; x_wconf 93' lang='grc'>26</span> <span class='ocrx_word' id='word_1_6' title='bbox 914 332 995 395; x_wconf 88' lang='grc'>(25</span> <span class='ocrx_word' id='word_1_7' title='bbox 1036 341 1149 392; x_wconf 81' lang='lat' dir='ltr'>act.,</span> <span class='ocrx_word' id='word_1_8' title='bbox 1192 347 1208 378; x_wconf 93' lang='grc'>1</span> <span class='ocrx_word' id='word_1_9' title='bbox 1249 330 1400 394; x_wconf 84' lang='lat' dir='ltr'>pass.)</span> <span class='ocrx_word' id='word_1_10' title='bbox 1438 327 1661 387; x_wconf 84' lang='lat' dir='ltr'>occurrit,</span> 
     </span>
     <span class='ocr_line' id='line_1_3' title="bbox 152 412 702 477; baseline 0 -15"><span class='ocrx_word' id='word_1_11' title='bbox 152 413 247 462; x_wconf 90' lang='lat' dir='ltr'>ind.</span> <span class='ocrx_word' id='word_1_12' title='bbox 292 431 393 462; x_wconf 84' lang='lat' dir='ltr'>aor.</span> <span class='ocrx_word' id='word_1_13' title='bbox 437 431 465 475; x_wconf 89' lang='lat'><strong>9</strong></span> <span class='ocrx_word' id='word_1_14' title='bbox 509 412 702 477; x_wconf 86' lang='lat' dir='ltr'>legitur.</span> 
     </span>
    </p>

    <p class='ocr_par' dir='ltr' id='par_1_3' title="bbox 151 490 1671 1536">
     <span class='ocr_line' id='line_1_4' title="bbox 224 490 1664 559; baseline -0.003 -17"><span class='ocrx_word' id='word_1_15' title='bbox 224 495 663 559; x_wconf 84' lang='lat' dir='ltr'><strong>Imperfectum</strong></span> <span class='ocrx_word' id='word_1_16' title='bbox 733 496 890 559; x_wconf 71' lang='grc' dir='ltr'>(ἠξίου,</span> <span class='ocrx_word' id='word_1_17' title='bbox 960 495 1126 557; x_wconf 70' lang='grc' dir='ltr'>ἠξίουν)</span> <span class='ocrx_word' id='word_1_18' title='bbox 1183 492 1477 557; x_wconf 86' lang='lat' dir='ltr'>plerumque</span> <span class='ocrx_word' id='word_1_19' title='bbox 1532 490 1664 538; x_wconf 86' lang='lat' dir='ltr'>idern</span> 
     </span>
     <span class='ocr_line' id='line_1_5' title="bbox 151 574 1664 640; baseline -0.004 -15"><span class='ocrx_word' id='word_1_20' title='bbox 151 575 286 625; x_wconf 83' lang='lat' dir='ltr'>valet</span> <span class='ocrx_word' id='word_1_21' title='bbox 337 577 470 640; x_wconf 89' lang='lat' dir='ltr'>quod</span> <span class='ocrx_word' id='word_1_22' title='bbox 517 577 681 628; x_wconf 79' lang='grc' dir='ltr'>ἐκέλευε</span> <span class='ocrx_word' id='word_1_23' title='bbox 737 577 856 640; x_wconf 60' lang='grc' dir='ltr'>(Ὃν),</span> <span class='ocrx_word' id='word_1_24' title='bbox 911 586 985 623; x_wconf 81' lang='lat' dir='ltr'>est</span> <span class='ocrx_word' id='word_1_25' title='bbox 1034 576 1182 639; x_wconf 82' lang='lat' dir='ltr'>igitur</span> <span class='ocrx_word' id='word_1_26' title='bbox 1231 574 1366 637; x_wconf 88' lang='lat' dir='ltr'><strong>impf.</strong></span> <span class='ocrx_word' id='word_1_27' title='bbox 1409 582 1664 636; x_wconf 83' lang='lat' dir='ltr'>exspecta-</span> 
     </span>
     <span class='ocr_line' id='line_1_6' title="bbox 152 655 1663 721; baseline -0.003 -16"><span class='ocrx_word' id='word_1_28' title='bbox 152 658 307 706; x_wconf 88' lang='lat' dir='ltr'>tivum</span> <span class='ocrx_word' id='word_1_29' title='bbox 328 659 390 721; x_wconf 81' lang='lat'>1&gt;3</span> <span class='ocrx_word' id='word_1_30' title='bbox 442 658 510 705; x_wconf 80' lang='lat' dir='ltr'>ita</span> <span class='ocrx_word' id='word_1_31' title='bbox 558 658 692 720; x_wconf 88' lang='lat' dir='ltr'>impf.</span> <span class='ocrx_word' id='word_1_32' title='bbox 746 667 1008 720; x_wconf 81' lang='lat' dir='ltr'>usurpatur</span> <span class='ocrx_word' id='word_1_33' title='bbox 1058 657 1190 704; x_wconf 82' lang='lat' dir='ltr'>hisce</span> <span class='ocrx_word' id='word_1_34' title='bbox 1229 655 1378 703; x_wconf 84' lang='lat' dir='ltr'>loeis:</span> <span class='ocrx_word' id='word_1_35' title='bbox 1421 656 1439 702; x_wconf 95' lang='lat' dir='ltr'>I</span> <span class='ocrx_word' id='word_1_36' title='bbox 1480 670 1562 715; x_wconf 84' lang='lat'>90,</span> <span class='ocrx_word' id='word_1_37' title='bbox 1611 670 1663 713; x_wconf 81' lang='lat'>13</span> 
     </span>
     <span class='ocr_line' id='line_1_7' title="bbox 156 737 1663 801; baseline -0.004 0"><span class='ocrx_word' id='word_1_38' title='bbox 156 753 237 801; x_wconf 60' lang='lat'>952</span> <span class='ocrx_word' id='word_1_39' title='bbox 285 753 491 801; x_wconf 79' lang='lat'>13135‚</span> <span class='ocrx_word' id='word_1_40' title='bbox 536 739 822 800; x_wconf 64' lang='lat'>23111653,</span> <span class='ocrx_word' id='word_1_41' title='bbox 871 755 1048 799; x_wconf 66' lang='lat'>1394,</span> <span class='ocrx_word' id='word_1_42' title='bbox 1093 737 1259 799; x_wconf 78' lang='lat' dir='ltr'>231V</span> <span class='ocrx_word' id='word_1_43' title='bbox 1302 753 1346 798; x_wconf 72' lang='lat'>3,</span> <span class='ocrx_word' id='word_1_44' title='bbox 1392 753 1448 797; x_wconf 78' lang='lat'>23</span> <span class='ocrx_word' id='word_1_45' title='bbox 1488 749 1567 797; x_wconf 66' lang='lat'>70,</span> <span class='ocrx_word' id='word_1_46' title='bbox 1608 751 1663 795; x_wconf 81' lang='lat'>23</span> 
     </span>
     <span class='ocr_line' id='line_1_8' title="bbox 153 817 1664 882; baseline -0.003 -14"><span class='ocrx_word' id='word_1_47' title='bbox 153 821 199 868; x_wconf 91' lang='lat' dir='ltr'>V</span> <span class='ocrx_word' id='word_1_48' title='bbox 254 835 333 882; x_wconf 85' lang='lat'>35,</span> <span class='ocrx_word' id='word_1_49' title='bbox 389 825 446 882; x_wconf 84' lang='lat'>63</span> <span class='ocrx_word' id='word_1_50' title='bbox 488 836 570 881; x_wconf 86' lang='lat'>41,</span> <span class='ocrx_word' id='word_1_51' title='bbox 616 837 639 867; x_wconf 88' lang='lat'>2</span> <span class='ocrx_word' id='word_1_52' title='bbox 682 831 732 868; x_wconf 87' lang='lat' dir='ltr'>et</span> <span class='ocrx_word' id='word_1_53' title='bbox 772 837 828 882; x_wconf 77' lang='lat'>33</span> <span class='ocrx_word' id='word_1_54' title='bbox 874 835 954 882; x_wconf 86' lang='lat'>50,</span> <span class='ocrx_word' id='word_1_55' title='bbox 1002 836 1054 881; x_wconf 82' lang='lat'>13</span> <span class='ocrx_word' id='word_1_56' title='bbox 1093 819 1163 866; x_wconf 92' lang='lat' dir='ltr'>VI</span> <span class='ocrx_word' id='word_1_57' title='bbox 1206 822 1287 879; x_wconf 82' lang='lat'>63,</span> <span class='ocrx_word' id='word_1_58' title='bbox 1333 834 1386 878; x_wconf 83' lang='lat'>23</span> <span class='ocrx_word' id='word_1_59' title='bbox 1427 817 1540 864; x_wconf 94' lang='lat' dir='ltr'>VIII</span> <span class='ocrx_word' id='word_1_60' title='bbox 1589 819 1664 874; x_wconf 91' lang='grc'>16,</span> 
     </span>
     <span class='ocr_line' id='line_1_9' title="bbox 163 898 1666 966; baseline -0.001 -16"><span class='ocrx_word' id='word_1_61' title='bbox 163 919 215 964; x_wconf 77' lang='grc'>1,</span> <span class='ocrx_word' id='word_1_62' title='bbox 269 918 350 963; x_wconf 91' lang='grc'>40,</span> <span class='ocrx_word' id='word_1_63' title='bbox 419 919 470 962; x_wconf 83' lang='lat'>13</span> <span class='ocrx_word' id='word_1_64' title='bbox 520 906 599 963; x_wconf 85' lang='lat'>56,</span> <span class='ocrx_word' id='word_1_65' title='bbox 652 918 683 962; x_wconf 83' lang='lat'>4</span> <span class='ocrx_word' id='word_1_66' title='bbox 717 902 855 966; x_wconf 80' lang='lat' dir='ltr'>(bis)3</span> <span class='ocrx_word' id='word_1_67' title='bbox 900 915 979 964; x_wconf 83' lang='lat'>73,</span> <span class='ocrx_word' id='word_1_68' title='bbox 1021 917 1052 961; x_wconf 86' lang='lat'>4</span> <span class='ocrx_word' id='word_1_69' title='bbox 1093 898 1189 965; x_wconf 75' lang='grc' dir='ltr'>(οὐκ</span> <span class='ocrx_word' id='word_1_70' title='bbox 1227 899 1666 961; x_wconf 63' lang='grc' dir='ltr'>ἠξίουνεέκέλευον</span> 
     </span>
     <span class='ocr_line' id='line_1_10' title="bbox 152 979 1666 1053; baseline -0.003 -22"><span class='ocrx_word' id='word_1_71' title='bbox 152 985 252 1053; x_wconf 76' lang='grc' dir='ltr'>μή).</span> <span class='ocrx_word' id='word_1_72' title='bbox 333 983 474 1047; x_wconf 90' lang='lat' dir='ltr'>Impf.</span> <span class='ocrx_word' id='word_1_73' title='bbox 558 983 803 1047; x_wconf 81' lang='lat' dir='ltr'>significat</span> <span class='ocrx_word' id='word_1_74' title='bbox 888 981 1076 1044; x_wconf 82' lang='lat' dir='ltr'>„utile</span> <span class='ocrx_word' id='word_1_75' title='bbox 1144 979 1476 1046; x_wconf 81' lang='lat' dir='ltr'>judicare‘’</span> <span class='ocrx_word' id='word_1_76' title='bbox 1561 979 1666 1027; x_wconf 84' lang='lat' dir='ltr'>siVe</span> 
     </span>
     <span class='ocr_line' id='line_1_11' title="bbox 164 1060 1665 1128; baseline -0.005 -14"><span class='ocrx_word' id='word_1_77' title='bbox 164 1083 449 1128; x_wconf 80' lang='lat' dir='ltr'>„aequum</span> <span class='ocrx_word' id='word_1_78' title='bbox 501 1064 799 1113; x_wconf 84' lang='lat' dir='ltr'>censere&#39;&#39;</span> <span class='ocrx_word' id='word_1_79' title='bbox 853 1064 987 1111; x_wconf 83' lang='lat' dir='ltr'>hisce</span> <span class='ocrx_word' id='word_1_80' title='bbox 1025 1062 1170 1111; x_wconf 84' lang='lat' dir='ltr'>locis:</span> <span class='ocrx_word' id='word_1_81' title='bbox 1213 1063 1232 1109; x_wconf 95' lang='lat' dir='ltr'>I</span> <span class='ocrx_word' id='word_1_82' title='bbox 1277 1077 1357 1124; x_wconf 86' lang='lat'>54,</span> <span class='ocrx_word' id='word_1_83' title='bbox 1403 1079 1459 1122; x_wconf 82' lang='lat'>23</span> <span class='ocrx_word' id='word_1_84' title='bbox 1501 1060 1542 1108; x_wconf 83' lang='lat' dir='ltr'>I&#39;I</span> <span class='ocrx_word' id='word_1_85' title='bbox 1585 1075 1665 1122; x_wconf 82' lang='lat'>53,</span> 
     </span>
     <span class='ocr_line' id='line_1_12' title="bbox 159 1143 1663 1210; baseline -0.004 -15"><span class='ocrx_word' id='word_1_86' title='bbox 159 1164 214 1208; x_wconf 82' lang='lat'>23</span> <span class='ocrx_word' id='word_1_87' title='bbox 256 1147 328 1194; x_wconf 92' lang='lat' dir='ltr'>IV</span> <span class='ocrx_word' id='word_1_88' title='bbox 370 1150 450 1207; x_wconf 83' lang='lat'>66,</span> <span class='ocrx_word' id='word_1_89' title='bbox 495 1164 550 1208; x_wconf 83' lang='lat'>23</span> <span class='ocrx_word' id='word_1_90' title='bbox 587 1148 667 1208; x_wconf 81' lang='lat'>83,</span> <span class='ocrx_word' id='word_1_91' title='bbox 691 1162 722 1208; x_wconf 86' lang='lat'><strong>4</strong></span> <span class='ocrx_word' id='word_1_92' title='bbox 742 1170 751 1207; x_wconf 80' lang='lat'>3</span> <span class='ocrx_word' id='word_1_93' title='bbox 773 1146 907 1210; x_wconf 90' lang='lat' dir='ltr'><strong>impf.</strong></span> <span class='ocrx_word' id='word_1_94' title='bbox 932 1145 1200 1209; x_wconf 76' lang='lat' dir='ltr'>negatione</span> <span class='ocrx_word' id='word_1_95' title='bbox 1221 1144 1417 1208; x_wconf 80' lang='lat' dir='ltr'>adjecta</span> <span class='ocrx_word' id='word_1_96' title='bbox 1439 1143 1505 1190; x_wconf 94' lang='lat' dir='ltr'>III</span> <span class='ocrx_word' id='word_1_97' title='bbox 1531 1147 1611 1201; x_wconf 85' lang='lat'>61,</span> <span class='ocrx_word' id='word_1_98' title='bbox 1640 1159 1663 1189; x_wconf 86' lang='lat'>2</span> 
     </span>
     <span class='ocr_line' id='line_1_13' title="bbox 155 1224 1670 1293; baseline -0.004 -16"><span class='ocrx_word' id='word_1_99' title='bbox 155 1229 400 1293; x_wconf 86' lang='lat' dir='ltr'>significat</span> <span class='ocrx_word' id='word_1_100' title='bbox 458 1229 804 1293; x_wconf 81' lang='lat' dir='ltr'>„indignum</span> <span class='ocrx_word' id='word_1_101' title='bbox 843 1225 1187 1292; x_wconf 81' lang='lat' dir='ltr'>judicare”,</span> <span class='ocrx_word' id='word_1_102' title='bbox 1245 1224 1498 1287; x_wconf 87' lang='lat' dir='ltr'>„nolle’&#39;.</span> <span class='ocrx_word' id='word_1_103' title='bbox 1543 1225 1670 1272; x_wconf 88' lang='lat' dir='ltr'>Cum</span> 
     </span>
     <span class='ocr_line' id='line_1_14' title="bbox 158 1305 1667 1374; baseline -0.003 -17"><span class='ocrx_word' id='word_1_104' title='bbox 158 1310 517 1374; x_wconf 81' lang='lat' dir='ltr'>significatione</span> <span class='ocrx_word' id='word_1_105' title='bbox 564 1327 951 1373; x_wconf 79' lang='lat' dir='ltr'>„persuasum</span> <span class='ocrx_word' id='word_1_106' title='bbox 974 1308 1253 1367; x_wconf 80' lang='lat' dir='ltr'>habere&#39;&#39;,</span> <span class='ocrx_word' id='word_1_107' title='bbox 1285 1305 1667 1369; x_wconf 85' lang='lat' dir='ltr'>„confidere”</span> 
     </span>
     <span class='ocr_line' id='line_1_15' title="bbox 156 1387 1671 1459; baseline -0.003 -19"><span class='ocrx_word' id='word_1_108' title='bbox 156 1393 278 1456; x_wconf 88' lang='lat' dir='ltr'>(fere</span> <span class='ocrx_word' id='word_1_109' title='bbox 334 1393 514 1441; x_wconf 90' lang='lat' dir='ltr'>eodem</span> <span class='ocrx_word' id='word_1_110' title='bbox 570 1409 717 1440; x_wconf 82' lang='lat' dir='ltr'>sensu</span> <span class='ocrx_word' id='word_1_111' title='bbox 774 1409 873 1455; x_wconf 84' lang='lat' dir='ltr'>quo</span> <span class='ocrx_word' id='word_1_112' title='bbox 925 1392 1133 1459; x_wconf 80' lang='grc' dir='ltr'>νομίζειν)</span> <span class='ocrx_word' id='word_1_113' title='bbox 1184 1390 1319 1454; x_wconf 84' lang='lat' dir='ltr'><strong>impf.</strong></span> <span class='ocrx_word' id='word_1_114' title='bbox 1357 1389 1564 1437; x_wconf 85' lang='lat' dir='ltr'>occurrit</span> <span class='ocrx_word' id='word_1_115' title='bbox 1603 1387 1671 1435; x_wconf 93' lang='lat' dir='ltr'>IV</span> 
     </span>
     <span class='ocr_line' id='line_1_16' title="bbox 158 1474 888 1536; baseline -0.003 -14"><span class='ocrx_word' id='word_1_116' title='bbox 158 1490 240 1536; x_wconf 86' lang='lat'>40,</span> <span class='ocrx_word' id='word_1_117' title='bbox 289 1491 341 1535; x_wconf 80' lang='lat'>13</span> <span class='ocrx_word' id='word_1_118' title='bbox 385 1479 466 1536; x_wconf 84' lang='lat'>65,</span> <span class='ocrx_word' id='word_1_119' title='bbox 507 1491 566 1535; x_wconf 77' lang='lat'>43</span> <span class='ocrx_word' id='word_1_120' title='bbox 606 1474 675 1521; x_wconf 93' lang='lat' dir='ltr'>VI</span> <span class='ocrx_word' id='word_1_121' title='bbox 718 1476 799 1533; x_wconf 85' lang='grc'>86,</span> <span class='ocrx_word' id='word_1_122' title='bbox 846 1490 888 1521; x_wconf 93' lang='grc'>2.</span> 
     </span>
    </p>

    <p class='ocr_par' dir='ltr' id='par_1_4' title="bbox 157 1552 1663 1704">
     <span class='ocr_line' id='line_1_17' title="bbox 228 1552 1663 1619; baseline -0.003 -15"><span class='ocrx_word' id='word_1_123' title='bbox 228 1557 573 1619; x_wconf 78' lang='lat' dir='ltr'>Imperfectum</span> <span class='ocrx_word' id='word_1_124' title='bbox 638 1555 820 1619; x_wconf 79' lang='lat' dir='ltr'>passivi</span> <span class='ocrx_word' id='word_1_125' title='bbox 886 1553 1040 1602; x_wconf 83' lang='lat' dir='ltr'>semel</span> <span class='ocrx_word' id='word_1_126' title='bbox 1098 1554 1328 1602; x_wconf 83' lang='lat' dir='ltr'>occurrit:</span> <span class='ocrx_word' id='word_1_127' title='bbox 1393 1552 1439 1600; x_wconf 94' lang='lat' dir='ltr'>V</span> <span class='ocrx_word' id='word_1_128' title='bbox 1505 1556 1581 1612; x_wconf 95' lang='grc'>16,</span> <span class='ocrx_word' id='word_1_129' title='bbox 1647 1568 1663 1599; x_wconf 91' lang='grc'>1</span> 
     </span>
     <span class='ocr_line' id='line_1_18' title="bbox 157 1629 1531 1704; baseline -0.004 -14"><span class='ocrx_word' id='word_1_130' title='bbox 157 1639 395 1700; x_wconf 70' lang='grc' dir='ltr'><em>ἠξιοῦτο</em></span> <span class='ocrx_word' id='word_1_131' title='bbox 435 1638 569 1702; x_wconf 89' lang='lat' dir='ltr'>quod</span> <span class='ocrx_word' id='word_1_132' title='bbox 607 1637 738 1685; x_wconf 89' lang='lat' dir='ltr'>idem</span> <span class='ocrx_word' id='word_1_133' title='bbox 776 1635 911 1685; x_wconf 80' lang='lat' dir='ltr'>valet</span> <span class='ocrx_word' id='word_1_134' title='bbox 950 1636 1087 1700; x_wconf 86' lang='lat' dir='ltr'>quod</span> <span class='ocrx_word' id='word_1_135' title='bbox 1124 1638 1165 1687; x_wconf 78' lang='grc' dir='ltr'>ἐν</span> <span class='ocrx_word' id='word_1_136' title='bbox 1204 1635 1421 1704; x_wconf 76' lang='grc' dir='ltr'>α’ξιῶματι</span> <span class='ocrx_word' id='word_1_137' title='bbox 1461 1629 1531 1691; x_wconf 64' lang='grc' dir='ltr'>ἦν.</span> 
     </span>
    </p>

    <p class='ocr_par' dir='ltr' id='par_1_5' title="bbox 159 1713 1676 2273">
     <span class='ocr_line' id='line_1_19' title="bbox 229 1713 1669 1783; baseline -0.001 -15"><span class='ocrx_word' id='word_1_138' title='bbox 229 1721 356 1768; x_wconf 91' lang='lat' dir='ltr'>Ind.</span> <span class='ocrx_word' id='word_1_139' title='bbox 398 1721 632 1769; x_wconf 81' lang='lat' dir='ltr'>aoristi</span> <span class='ocrx_word' id='word_1_140' title='bbox 671 1737 917 1783; x_wconf 78' lang='lat' dir='ltr'><strong>nusquam</strong></span> <span class='ocrx_word' id='word_1_141' title='bbox 956 1719 1136 1767; x_wconf 89' lang='lat' dir='ltr'>eodem</span> <span class='ocrx_word' id='word_1_142' title='bbox 1174 1735 1321 1766; x_wconf 82' lang='lat' dir='ltr'>sensu</span> <span class='ocrx_word' id='word_1_143' title='bbox 1356 1734 1456 1781; x_wconf 89' lang='lat' dir='ltr'>quo</span> <span class='ocrx_word' id='word_1_144' title='bbox 1488 1713 1669 1768; x_wconf 73' lang='grc' dir='ltr'>κελεύειν</span> 
     </span>
     <span class='ocr_line' id='line_1_20' title="bbox 159 1799 1671 1866; baseline -0.003 -16"><span class='ocrx_word' id='word_1_145' title='bbox 159 1803 380 1862; x_wconf 82' lang='lat' dir='ltr'>occurrit,</span> <span class='ocrx_word' id='word_1_146' title='bbox 432 1803 521 1850; x_wconf 86' lang='lat' dir='ltr'>sed</span> <span class='ocrx_word' id='word_1_147' title='bbox 564 1801 809 1866; x_wconf 79' lang='lat' dir='ltr'>significat</span> <span class='ocrx_word' id='word_1_148' title='bbox 855 1818 1139 1864; x_wconf 79' lang='lat' dir='ltr'>„aequum</span> <span class='ocrx_word' id='word_1_149' title='bbox 1180 1799 1484 1848; x_wconf 57' lang='lat' dir='ltr'>censer&amp;</span> <span class='ocrx_word' id='word_1_150' title='bbox 1527 1799 1546 1845; x_wconf 93' lang='lat' dir='ltr'>I</span> <span class='ocrx_word' id='word_1_151' title='bbox 1592 1814 1671 1857; x_wconf 85' lang='lat'>22,</span> 
     </span>
     <span class='ocr_line' id='line_1_21' title="bbox 164 1880 1673 1945; baseline -0.003 -13"><span class='ocrx_word' id='word_1_152' title='bbox 164 1900 187 1931; x_wconf 88' lang='lat'>2</span> <span class='ocrx_word' id='word_1_153' title='bbox 247 1894 297 1932; x_wconf 85' lang='lat' dir='ltr'>et</span> <span class='ocrx_word' id='word_1_154' title='bbox 352 1885 416 1931; x_wconf 94' lang='lat' dir='ltr'>III</span> <span class='ocrx_word' id='word_1_155' title='bbox 471 1899 550 1945; x_wconf 83' lang='lat'>55,</span> <span class='ocrx_word' id='word_1_156' title='bbox 611 1900 650 1943; x_wconf 87' lang='lat'>1,</span> <span class='ocrx_word' id='word_1_157' title='bbox 703 1884 770 1931; x_wconf 79' lang='lat' dir='ltr'>ita</span> <span class='ocrx_word' id='word_1_158' title='bbox 820 1893 989 1930; x_wconf 79' lang='lat' dir='ltr'>tamen</span> <span class='ocrx_word' id='word_1_159' title='bbox 1041 1893 1094 1930; x_wconf 83' lang='lat' dir='ltr'>ut</span> <span class='ocrx_word' id='word_1_160' title='bbox 1144 1883 1273 1929; x_wconf 78' lang='lat' dir='ltr'>actio</span> <span class='ocrx_word' id='word_1_161' title='bbox 1324 1880 1673 1929; x_wconf 77' lang='lat' dir='ltr'>tantummodo</span> 
     </span>
     <span class='ocr_line' id='line_1_22' title="bbox 160 1963 1676 2028; baseline -0.003 -15"><span class='ocrx_word' id='word_1_162' title='bbox 160 1975 546 2013; x_wconf 81' lang='lat' dir='ltr'>memoretur</span> <span class='ocrx_word' id='word_1_163' title='bbox 596 1966 717 2028; x_wconf 78' lang='lat' dir='ltr'>(aor.</span> <span class='ocrx_word' id='word_1_164' title='bbox 772 1967 1034 2028; x_wconf 76' lang='lat' dir='ltr'>constat.)3</span> <span class='ocrx_word' id='word_1_165' title='bbox 1084 1965 1131 2011; x_wconf 88' lang='lat' dir='ltr'>in</span> <span class='ocrx_word' id='word_1_166' title='bbox 1182 1963 1300 2012; x_wconf 83' lang='lat' dir='ltr'>locis</span> <span class='ocrx_word' id='word_1_167' title='bbox 1354 1964 1372 2010; x_wconf 96' lang='lat' dir='ltr'>I</span> <span class='ocrx_word' id='word_1_168' title='bbox 1430 1977 1509 2025; x_wconf 83' lang='lat'>74,</span> <span class='ocrx_word' id='word_1_169' title='bbox 1561 1979 1583 2009; x_wconf 86' lang='lat'>2</span> <span class='ocrx_word' id='word_1_170' title='bbox 1626 1972 1676 2009; x_wconf 86' lang='lat' dir='ltr'>et</span> 
     </span>
     <span class='ocr_line' id='line_1_23' title="bbox 170 2033 1676 2109; baseline -0.003 -14"><span class='ocrx_word' id='word_1_171' title='bbox 170 2064 281 2109; x_wconf 84' lang='lat'>132,</span> <span class='ocrx_word' id='word_1_172' title='bbox 337 2062 360 2109; x_wconf 87' lang='lat'>5</span> <span class='ocrx_word' id='word_1_173' title='bbox 414 2048 511 2095; x_wconf 87' lang='lat' dir='ltr'><strong>ind.</strong></span> <span class='ocrx_word' id='word_1_174' title='bbox 566 2033 668 2095; x_wconf 66' lang='grc'>2101.</span> <span class='ocrx_word' id='word_1_175' title='bbox 718 2057 793 2095; x_wconf 83' lang='lat' dir='ltr'>est</span> <span class='ocrx_word' id='word_1_176' title='bbox 830 2047 1095 2106; x_wconf 80' lang='lat' dir='ltr'><strong>adhibitus,</strong></span> <span class='ocrx_word' id='word_1_177' title='bbox 1137 2046 1253 2109; x_wconf 79' lang='lat' dir='ltr'>quia</span> <span class='ocrx_word' id='word_1_178' title='bbox 1292 2045 1478 2093; x_wconf 86' lang='lat' dir='ltr'>mentio</span> <span class='ocrx_word' id='word_1_179' title='bbox 1518 2045 1582 2091; x_wconf 87' lang='lat' dir='ltr'>ibi</span> <span class='ocrx_word' id='word_1_180' title='bbox 1620 2043 1676 2090; x_wconf 84' lang='lat' dir='ltr'>fit</span> 
     </span>
     <span class='ocr_line' id='line_1_24' title="bbox 162 2125 1673 2193; baseline -0.003 -16"><span class='ocrx_word' id='word_1_181' title='bbox 162 2128 347 2177; x_wconf 82' lang='lat' dir='ltr'>consilii</span> <span class='ocrx_word' id='word_1_182' title='bbox 385 2139 520 2177; x_wconf 86' lang='lat' dir='ltr'>certo</span> <span class='ocrx_word' id='word_1_183' title='bbox 558 2129 796 2193; x_wconf 82' lang='lat' dir='ltr'>temporis</span> <span class='ocrx_word' id='word_1_184' title='bbox 836 2138 1090 2176; x_wconf 87' lang='lat' dir='ltr'>momento</span> <span class='ocrx_word' id='word_1_185' title='bbox 1129 2128 1245 2175; x_wconf 84' lang='lat' dir='ltr'>initi.</span> <span class='ocrx_word' id='word_1_186' title='bbox 1284 2127 1338 2174; x_wconf 89' lang='lat' dir='ltr'>In</span> <span class='ocrx_word' id='word_1_187' title='bbox 1370 2126 1482 2174; x_wconf 86' lang='lat' dir='ltr'>loeo</span> <span class='ocrx_word' id='word_1_188' title='bbox 1515 2125 1561 2173; x_wconf 94' lang='lat' dir='ltr'>V</span> <span class='ocrx_word' id='word_1_189' title='bbox 1590 2141 1673 2186; x_wconf 83' lang='lat'>41,</span> 
     </span>
     <span class='ocr_line' id='line_1_25' title="bbox 166 2208 1300 2273; baseline -0.002 -15"><span class='ocrx_word' id='word_1_190' title='bbox 166 2227 190 2258; x_wconf 94' lang='grc'>2</span> <span class='ocrx_word' id='word_1_191' title='bbox 233 2211 331 2259; x_wconf 88' lang='lat' dir='ltr'><strong>ind.</strong></span> <span class='ocrx_word' id='word_1_192' title='bbox 371 2227 474 2259; x_wconf 82' lang='lat' dir='ltr'>aor.</span> <span class='ocrx_word' id='word_1_193' title='bbox 513 2211 614 2258; x_wconf 87' lang='lat' dir='ltr'>vim</span> <span class='ocrx_word' id='word_1_194' title='bbox 653 2211 806 2259; x_wconf 82' lang='lat' dir='ltr'>habet</span> <span class='ocrx_word' id='word_1_195' title='bbox 845 2210 1007 2258; x_wconf 78' lang='lat' dir='ltr'>Latini</span> <span class='ocrx_word' id='word_1_196' title='bbox 1046 2208 1300 2273; x_wconf 84' lang='lat' dir='ltr'>plqpfeeti.</span> 
     </span>
    </p>

    <p class='ocr_par' dir='ltr' id='par_1_6' title="bbox 162 2290 1679 2683">
     <span class='ocr_line' id='line_1_26' title="bbox 232 2290 1676 2356; baseline -0.002 -17"><span class='ocrx_word' id='word_1_197' title='bbox 232 2292 385 2340; x_wconf 89' lang='lat' dir='ltr'>Verbi</span> <span class='ocrx_word' id='word_1_198' title='bbox 441 2295 779 2344; x_wconf 68' lang='grc' dir='ltr'>διανοεῖσθαι</span> <span class='ocrx_word' id='word_1_199' title='bbox 818 2292 1158 2356; x_wconf 85' lang='lat' dir='ltr'>imperfectum</span> <span class='ocrx_word' id='word_1_200' title='bbox 1199 2292 1270 2355; x_wconf 85' lang='lat' dir='ltr'>(ut</span> <span class='ocrx_word' id='word_1_201' title='bbox 1309 2290 1435 2338; x_wconf 79' lang='lat' dir='ltr'>aliae</span> <span class='ocrx_word' id='word_1_202' title='bbox 1473 2306 1676 2353; x_wconf 87' lang='lat' dir='ltr'>quoque</span> 
     </span>
     <span class='ocr_line' id='line_1_27' title="bbox 162 2371 1678 2438; baseline -0.004 -15"><span class='ocrx_word' id='word_1_203' title='bbox 162 2375 354 2423; x_wconf 84' lang='lat' dir='ltr'>formae</span> <span class='ocrx_word' id='word_1_204' title='bbox 409 2376 767 2438; x_wconf 78' lang='lat' dir='ltr'>praesenticae)</span> <span class='ocrx_word' id='word_1_205' title='bbox 825 2391 1067 2438; x_wconf 81' lang='lat' dir='ltr'>persaepe</span> <span class='ocrx_word' id='word_1_206' title='bbox 1118 2373 1341 2429; x_wconf 83' lang='lat' dir='ltr'>occurrit,</span> <span class='ocrx_word' id='word_1_207' title='bbox 1395 2371 1678 2435; x_wconf 79' lang='lat' dir='ltr'>significans</span> 
     </span>
     <span class='ocr_line' id='line_1_28' title="bbox 172 2453 1679 2520; baseline -0.003 -16"><span class='ocrx_word' id='word_1_208' title='bbox 172 2467 413 2518; x_wconf 88' lang='lat' dir='ltr'>„mente</span> <span class='ocrx_word' id='word_1_209' title='bbox 463 2456 785 2520; x_wconf 80' lang='lat' dir='ltr'>agitare&#39;’·,</span> <span class='ocrx_word' id='word_1_210' title='bbox 837 2456 1003 2503; x_wconf 79' lang='lat' dir='ltr'>aoristi</span> <span class='ocrx_word' id='word_1_211' title='bbox 1055 2472 1152 2503; x_wconf 88' lang='lat' dir='ltr'>non</span> <span class='ocrx_word' id='word_1_212' title='bbox 1205 2453 1343 2502; x_wconf 86' lang='lat' dir='ltr'>multi</span> <span class='ocrx_word' id='word_1_213' title='bbox 1393 2453 1475 2517; x_wconf 87' lang='lat' dir='ltr'>qui</span> <span class='ocrx_word' id='word_1_214' title='bbox 1514 2470 1679 2501; x_wconf 84' lang='lat' dir='ltr'>occur-</span> 
     </span>
     <span class='ocr_line' id='line_1_29' title="bbox 164 2533 1678 2602; baseline -0.003 -17"><span class='ocrx_word' id='word_1_215' title='bbox 164 2538 324 2600; x_wconf 70' lang='lat' dir='ltr'>runt‘2)</span> <span class='ocrx_word' id='word_1_216' title='bbox 362 2537 464 2585; x_wconf 86' lang='lat' dir='ltr'>fere</span> <span class='ocrx_word' id='word_1_217' title='bbox 503 2555 678 2585; x_wconf 85' lang='lat' dir='ltr'>omnes</span> <span class='ocrx_word' id='word_1_218' title='bbox 709 2538 896 2585; x_wconf 82' lang='lat' dir='ltr'>habent</span> <span class='ocrx_word' id='word_1_219' title='bbox 928 2537 1029 2585; x_wconf 88' lang='lat' dir='ltr'>vim</span> <span class='ocrx_word' id='word_1_220' title='bbox 1061 2536 1412 2602; x_wconf 80' lang='lat' dir='ltr'>ingressivam:</span> <span class='ocrx_word' id='word_1_221' title='bbox 1457 2533 1678 2597; x_wconf 85' lang='lat' dir='ltr'>„consi-</span> 
     </span>
     <span class='ocr_line' id='line_1_30' title="bbox 164 2619 887 2683; baseline 0 -16"><span class='ocrx_word' id='word_1_222' title='bbox 164 2619 318 2667; x_wconf 80' lang='lat' dir='ltr'><strong>linm</strong></span> <span class='ocrx_word' id='word_1_223' title='bbox 356 2619 552 2667; x_wconf 90' lang='lat' dir='ltr'>inire&#39;’</span> <span class='ocrx_word' id='word_1_224' title='bbox 594 2619 887 2683; x_wconf 81' lang='lat' dir='ltr'>significant.</span> 
     </span>
    </p>
   </div>
   <div class='ocr_carea' id='block_1_3' title="bbox 190 2753 384 2759">
    <p class='ocr_par' dir='ltr' id='par_1_7' title="bbox 190 2753 384 2759">
     <span class='ocr_line' id='line_1_31' title="bbox 190 2753 384 2759; baseline 0 0"><span class='ocrx_word' id='word_1_225' title='bbox 190 2753 384 2759; x_wconf 95' lang='lat' dir='ltr'> </span> 
     </span>
    </p>
   </div>
   <div class='ocr_carea' id='block_1_4' title="bbox 215 2822 1099 2931">
    <p class='ocr_par' dir='ltr' id='par_1_8' title="bbox 215 2822 1099 2931">
     <span class='ocr_line' id='line_1_32' title="bbox 219 2822 1099 2868; baseline 0 -12"><span class='ocrx_word' id='word_1_226' title='bbox 219 2825 252 2868; x_wconf 90' lang='lat'>1)</span> <span class='ocrx_word' id='word_1_227' title='bbox 278 2825 320 2856; x_wconf 92' lang='lat' dir='ltr'>de</span> <span class='ocrx_word' id='word_1_228' title='bbox 347 2835 416 2867; x_wconf 92' lang='lat' dir='ltr'>quo</span> <span class='ocrx_word' id='word_1_229' title='bbox 443 2824 485 2856; x_wconf 87' lang='lat' dir='ltr'>ef.</span> <span class='ocrx_word' id='word_1_230' title='bbox 512 2834 614 2865; x_wconf 85' lang='lat' dir='ltr'>supra</span> <span class='ocrx_word' id='word_1_231' title='bbox 641 2834 675 2865; x_wconf 89' lang='lat' dir='ltr'>p.</span> <span class='ocrx_word' id='word_1_232' title='bbox 702 2822 746 2855; x_wconf 87' lang='lat'>28</span> <span class='ocrx_word' id='word_1_233' title='bbox 773 2834 822 2865; x_wconf 85' lang='lat' dir='ltr'>sq.</span> <span class='ocrx_word' id='word_1_234' title='bbox 852 2827 886 2854; x_wconf 83' lang='lat' dir='ltr'>et</span> <span class='ocrx_word' id='word_1_235' title='bbox 911 2822 1000 2855; x_wconf 84' lang='lat' dir='ltr'>infra</span> <span class='ocrx_word' id='word_1_236' title='bbox 1024 2822 1040 2866; x_wconf 67' lang='grc' dir='ltr'><strong>ἓ</strong></span> <span class='ocrx_word' id='word_1_237' title='bbox 1068 2822 1099 2856; x_wconf 92' lang='grc'>6.</span> 
     </span>
     <span class='ocr_line' id='line_1_33' title="bbox 215 2880 921 2931; baseline -0.001 -15"><span class='ocrx_word' id='word_1_238' title='bbox 215 2883 252 2931; x_wconf 82' lang='grc'>2)</span> <span class='ocrx_word' id='word_1_239' title='bbox 278 2883 320 2915; x_wconf 85' lang='lat' dir='ltr'>de</span> <span class='ocrx_word' id='word_1_240' title='bbox 347 2883 474 2927; x_wconf 86' lang='lat' dir='ltr'>quibus</span> <span class='ocrx_word' id='word_1_241' title='bbox 500 2881 588 2914; x_wconf 78' lang='lat' dir='ltr'>infra</span> <span class='ocrx_word' id='word_1_242' title='bbox 613 2881 646 2927; x_wconf 65' lang='grc' dir='ltr'>(ἓ</span> <span class='ocrx_word' id='word_1_243' title='bbox 672 2880 729 2926; x_wconf 84' lang='grc'>10)</span> <span class='ocrx_word' id='word_1_244' title='bbox 756 2881 921 2925; x_wconf 83' lang='lat' dir='ltr'>pluribus.</span> 
     </span>
    </p>
   </div>
  </div>
 </body>
</html>
