2119 3342
889 193 950 242 77

164 327 348 374 factum
382 324 517 388 quod
548 323 766 371 indutiae
787 331 1127 370 convenerunt
1147 329 1464 368 memoratur.
1489 318 1678 366 Contra

164 407 279 455 ibid.
329 409 359 470 g
414 423 437 454 2
491 405 779 469 imperfecta
828 403 1084 468 leguntur:
1135 405 1476 463 ξυνετίθεντο
1515 399 1561 451 δὲ
1600 401 1680 450 και1

166 485 491 539 ἐσπένδοντο
529 488 893 553 Λακεδαιμονίων
923 483 1001 551 μὲν
1032 486 1120 534 οἵδε
1153 484 1445 546 (sequuntur
1478 481 1680 529 nomina

165 568 446 634 legatorum
477 566 988 616 Lacedaemoniorum
1018 575 1067 612 et
1098 563 1515 625 Atheniensium).
1540 562 1679 610 Steu-

167 651 275 714 pius
324 650 388 697 ad
439 666 552 697 eum
603 647 766 695 locum
824 647 919 693 hoc
969 655 1199 693 annotat:
1266 647 1549 705 7,ξυνετίθεντο
1606 647 1680 693 καὶ

169 732 432 789 ἐσπένδοντο,
486 729 702 793 Imperff.
753 745 844 776 vor
891 728 979 775 der
1019 726 1179 774 Reihe
1218 725 1305 773 der
1347 725 1561 783 Namen,
1604 724 1681 772 bei

168 813 320 860 deren
365 811 536 876 jedem
593 810 680 858 der
741 808 848 856 Akt
904 808 1338 872 gewissermassen
1394 804 1683 853 wiederholt

168 893 337 941 wird''.
391 892 622 955 Steupius
672 891 819 955 igitur
866 907 927 938 ea
976 888 1267 953 imperfecta
1317 905 1407 951 pro
1446 887 1684 934 iterativis

170 975 356 1022 habere
385 974 603 1034 videtur3
646 989 758 1020 mea
792 982 958 1020 autem
990 970 1223 1034 opinione
1253 968 1542 1033 imperfecta
1572 977 1686 1015 sunt

171 1056 491 1119 descriptiva:
532 1055 671 1118 ipsae
705 1053 985 1117 paciscendi
1020 1051 1350 1100 caerimoniae
1383 1049 1686 1098 sollemniter

172 1136 528 1195 describuntur,
582 1136 699 1183 dum
748 1136 777 1197 ἓ
836 1151 853 1181 1
912 1133 1103 1181 aoristis
1154 1149 1252 1180 non
1291 1132 1429 1195 ipsae
1466 1131 1686 1178 actiones

172 1218 510 1281 respiciuntur,
563 1217 652 1264 sed
703 1225 911 1264 eventus
960 1215 1263 1278 designatur.
1316 1213 1511 1260 Eadem
1562 1212 1686 1260 rati'o

173 1299 432 1346 intercedit
469 1299 594 1346 inter
633 1298 843 1346 aoristos
882 1296 965 1360 qui
1003 1295 1236 1360 leguntur
1268 1294 1314 1341 V
1355 1297 1429 1353 18,
1474 1311 1490 1340 1
1537 1314 1686 1344 σπον-

173 1377 280 1440 δὰς
331 1381 662 1436 ἐποιήσαντο
720 1376 934 1437 Ἀθηναῖοι
993 1382 1066 1428 καὶ
1124 1375 1466 1443 Λακεδαιμόνιοι
1525 1377 1599 1425 καὶ
1651 1377 1689 1425 οἱ

175 1459 407 1530 ξύμμαχοι
447 1458 561 1512 κατὰ
599 1458 704 1512 τάδε
743 1461 818 1510 καὶ
858 1458 1077 1527 ὤμοσαν
1118 1454 1231 1508 κατὰ
1263 1457 1403 1516 πόλεις
1434 1466 1483 1504 et
1513 1456 1688 1519 imper-

176 1543 302 1590 fecta
354 1560 483 1605 quae
532 1543 595 1590 de
646 1541 826 1589 eodem
879 1550 1026 1603 pacto
1077 1549 1376 1602 usurpantur
1425 1556 1464 1585 c.
1527 1555 1602 1598 19,
1660 1554 1683 1584 2

175 1622 206 1673 ὤ
217 1646 252 1691 μ
263 1645 285 1673 ν
297 1645 321 1674 υ
334 1645 355 1673 ο
366 1645 388 1674 ν
438 1622 485 1673 δὲ
532 1626 619 1673 οἵδε
667 1627 741 1673 καὶ
789 1623 879 1673 ἐσπ
891 1622 941 1672 έν
955 1624 981 1672 δ
994 1643 1015 1671 ο
1026 1642 1048 1671 ν
1060 1643 1082 1671 τ
1093 1643 1114 1671 ο
1162 1622 1454 1684 (sequuntur
1500 1618 1689 1682 legato·

178 1722 284 1752 rum
324 1705 558 1768 nomina).

320 1992 435 2053 §4
496 1990 588 2037 De
640 1988 1036 2052 imperfecto
1088 1985 1547 2048 incohativol).

251 2123 466 2170 Primum
506 2121 697 2184 aliquot
735 2119 966 2184 exempla
1002 2137 1131 2184 quae
1165 2119 1299 2183 apud
1331 2129 1554 2166 nostrum
1586 2135 1693 2182 pas-

180 2206 271 2252 sim
311 2214 572 2252 occurrunt
611 2202 787 2250 afferre
825 2202 941 2249 mihi
980 2201 1150 2249 liceat:

252 2286 270 2332 I
311 2289 391 2345 26,
435 2299 458 2346 5
502 2287 560 2344 ὡς
600 2280 639 2334 δ’
677 2281 755 2334 οὐκ
789 2285 1009 2343 ἐπείθοντο,
1043 2286 1082 2333 οἱ
1112 2282 1190 2351 μὲν
1226 2283 1695 2351 Κερκυραῖοι-ἐπο-

181 2367 436 2436 λιόρκουν
474 2366 552 2422 τὴν
590 2365 712 2416 πόλιν
745 2364 773 2413 i.
798 2382 839 2412 e.
884 2366 1084 2426 „urbem
1124 2364 1434 2412 obsidere
1473 2380 1697 2426 coepe-

182 2447 402 2508 runt’'3
442 2464 603 2510 aeque
642 2446 978 2494 incohativum
1013 2457 1087 2494 est
1120 2446 1167 2493 id
1200 2445 1334 2508 impf.
1370 2445 1506 2508 quod
1538 2444 1695 2507 sequi-

183 2539 261 2577 tur
317 2530 376 2591 (c.
441 2542 519 2590 27,
581 2529 651 2590 1):
723 2532 930 2595 Κορίνθιοι
987 2527 1033 2578 δὲ
1090 2557 1158 2563 --
1214 2524 1696 2596 παρεσκευάζοντο

183 2607 385 2678 στρατιοῖν
424 2609 451 2657 i,
469 2627 512 2661 e.
561 2609 857 2670 „exercitum
896 2626 1074 2657 ornare
1113 2608 1434 2672 coeperunt''.

264 2695 374 2748 116,
419 2707 444 2751 3
491 2695 702 2758 Περικλῆς
740 2690 787 2741 δὲ
825 2689 974 2759 λαβὼν
1015 2691 1230 2751 ἐξήκοντα
1269 2694 1374 2749 ναῦς
1413 2718 1480 2723 —-
1520 2686 1697 2756 ᾤχετο

238 2863 272 2907 1)
294 2863 347 2896 Cf.
373 2874 476 2906 supra
502 2874 536 2906 p.
564 2862 607 2894 26
634 2874 686 2905 sq.
