2119 3342
1059 182 1154 216 100

344 315 571 378 occurrit)
629 313 841 361 aoristus
898 310 1176 369 adhibetur,
1235 325 1336 372 quo
1387 306 1596 371 simplex
1647 305 1861 354 edictum

345 396 608 455 nuntietur,
661 393 915 457 quomodo
968 392 1116 440 etiam
1173 391 1313 439 verbi
1370 386 1595 455 κηρύσσειν
1650 387 1862 435 aoristus

346 487 611 541 usurpatur
660 476 729 522 IV
782 488 863 536 37,
909 491 931 521 2
976 483 1025 521 et
1063 473 1109 519 V
1158 487 1268 533 115,
1316 489 1357 519 2.
1401 470 1582 517 Utrum
1619 469 1758 516 verbi
1797 490 1863 519 κε-

348 557 480 610 λεύειν
521 558 656 621 impf.
699 574 762 605 an
797 556 1034 605 aoristum
1068 554 1145 601 hic
1176 553 1486 616 recipiamu5‚
1521 568 1581 598 ex
1611 567 1671 597 eo
1704 548 1864 597 solum

350 641 570 705 pendere
621 639 788 698 debet,
839 638 1181 701 requiraturne
1231 636 1391 683 forma
1438 633 1485 681 vi
1525 631 1867 695 exspectativa

351 722 576 786 praedita
616 737 788 768 necne.
824 720 944 767 Mea
973 728 1141 766 autem
1176 716 1409 780 opinione
1441 731 1493 762 re
1525 730 1644 761 vera
1677 713 1868 760 formae

352 803 737 867 exspectativae,
792 801 820 849 i.
845 819 886 849 e.
934 799 1240 863 imperfecto,
1280 797 1357 844 hic
1395 795 1532 843 locus
1571 805 1670 843 est:
1712 793 1867 841 Brasi-

353 886 443 933 das
484 883 893 942 Atheniensibus,
930 881 1012 944 qui
1047 879 1252 944 Lecythi
1283 879 1330 926 in
1364 876 1611 941 praesidio
1643 874 1870 923 collocati

353 976 481 1026 sunt,
522 965 746 1013 suadet
783 974 837 1011 ut
874 961 1146 1010 incolumes
1185 959 1456 1016 discedant,
1497 975 1595 1006 non
1635 957 1869 1020 imperat,

355 1047 535 1096 licebat
587 1047 718 1094 enim
769 1045 860 1093 illis
909 1045 1058 1092 etiam
1109 1053 1213 1091 tum
1257 1059 1361 1089 rem
1401 1040 1548 1088 armis
1586 1039 1869 1097 decernere,

357 1130 493 1193 quod
525 1146 578 1176 re
610 1145 731 1176 vera
760 1127 945 1174 faciunt
978 1125 1056 1187 (cf.
1091 1141 1152 1172 ea
1184 1140 1312 1188 quae
1344 1121 1650 1185 sequuntur).
1684 1119 1873 1167 Contra

357 1211 548 1274 Steupii
609 1208 1096 1273 argumentationem
1162 1215 1278 1269 apte
1335 1203 1497 1252 afferri
1552 1218 1700 1266 posse
1757 1200 1874 1248 mihi

359 1293 555 1341 videtur
596 1291 664 1338 III
708 1305 788 1353 55,
836 1306 853 1337 1
905 1287 1118 1356 δεομένων
1157 1284 1242 1356 γὰρ
1281 1288 1543 1353 ξυμμαχίας
1582 1283 1646 1334 ὅτε
1685 1286 1874 1351 Θηβαῖοι

360 1378 482 1442 ἧμᾶς
532 1371 779 1442 ἐβιάσαντο,
828 1372 948 1440 ὑμεῖς
999 1368 1310 1420 α’πεῶσασθε
1358 1371 1431 1417 καὶ
1477 1367 1578 1433 πρὸς
1624 1362 1876 1424 Ἀθηναίους

360 1453 634 1507 ἐκελεύετε
684 1454 915 1522 τραπέσθαι
963 1455 1019 1512 ὡς
1070 1449 1198 1519 ἐγγὺς
1243 1449 1385 1509 ὄντας,
1427 1465 1525 1512 quo
1564 1446 1676 1495 loco
1716 1463 1877 1509 aeque

363 1556 421 1586 ac
462 1548 634 1585 nostro
668 1546 782 1601 post
815 1535 1051 1583 aoristum
1086 1531 1260 1591 οἷπεῶσ.,
1293 1548 1392 1595 quo
1425 1528 1623 1593 repulsa
1654 1527 1876 1591 simplici-

363 1631 437 1668 ter
467 1619 733 1678 nuntiatur,
763 1617 984 1680 sequitur
1004 1614 1140 1663 verbi
1163 1610 1344 1664 κελεύειν
1366 1611 1652 1675 impfectum
1675 1609 1877 1657 notione

363 1700 694 1757 suadendi,
734 1716 833 1746 non
871 1696 1162 1761 imperandi,
1197 1694 1491 1758 praeditum.

438 1782 582 1830 Alter
627 1780 764 1829 locus
812 1797 912 1843 quo
959 1778 1154 1826 codices
1204 1776 1398 1824 variant
1445 1784 1520 1822 est
1569 1773 1636 1821 IV
1696 1788 1806 1832 114,
1852 1786 1875 1833 5

363 1862 462 1925 τούς
498 1885 540 1914 τε
576 1861 743 1923 πάντας
781 1858 1181 1930 παρασκευάζεσθαι
1221 1857 1466 1908 ἐκέλευεν
1505 1859 1562 1916 ὡς
1599 1859 1802 1924 βεβαίους
1838 1861 1885 1903 τέ

367 1945 592 2014 ἐσομένους
642 1941 909 2012 ξυμμάχους
947 1945 1022 1992 καὶ
1059 1941 1104 1990 τὲ
1144 1939 1228 1990 άπὸ
1264 1940 1387 1989 τοῦδε
1424 1937 1511 1996 ἤδη
1551 1936 1611 1986 ἔτι
1650 1935 1703 1987 ἂν
1744 1937 1884 2002 ἁμαρ-

365 2026 547 2080 τάνωσιν
614 2029 753 2076 αἰτίαν
809 2022 997 2085 ἕξοντας.
1059 2022 1155 2069 1-1Ῑο
1212 2037 1413 2084 quoque
1469 2035 1568 2066 non
1625 2016 1884 2080 imperium

368 2108 671 2172 significatur
703 2107 840 2170 cujus
872 2104 1123 2153 exsecutio
1157 2103 1323 2150 statim
1356 2111 1584 2149 secutura
1617 2098 1885 2162 cogitanda

369 2201 460 2250 est,
499 2189 587 2238 sed
626 2188 848 2247 monitio,
881 2195 1203 2250 praeceptum
1234 2183 1436 2231 rationis
1468 2180 1713 2245 politicae,
1751 2179 1887 2243 quod

372 2289 482 2321 esse
526 2271 846 2318 observatum
886 2267 1040 2331 longo
1080 2267 1280 2314 demum
1320 2275 1547 2327 tempore
1585 2272 1699 2326 post
1737 2276 1887 2324 appa-

372 2370 479 2402 rere
530 2350 723 2415 poterit.
777 2350 944 2398 Etiam
993 2349 1087 2397 hoc
1138 2347 1247 2395 loco
1301 2347 1348 2394 in
1387 2344 1638 2393 codicibus
1678 2343 1718 2390 C
1758 2341 1801 2389 E
1842 2341 1889 2389 G

373 2436 427 2483 M
466 2433 600 2497 impf.
641 2433 844 2484 ἐκέλευεν
883 2430 1077 2494 legitur,
1118 2429 1261 2477 codd.
1305 2428 1411 2474 AB
1436 2427 1475 2473 F
1515 2424 1751 2474 exhibent
1784 2440 1887 2470 aor.

374 2516 632 2574 ἐκέλευσεν,
703 2530 852 2577 quem
932 2512 1116 2574 recepit
1184 2509 1432 2572 Steupius,
1503 2507 1586 2570 qui
1654 2513 1889 2553 annotat:

384 2613 585 2661 „wegen
637 2596 724 2643 des
764 2594 958 2641 Aorists
994 2591 1109 2654 ἔλεξε
1148 2593 1196 2654 (ἓ
1237 2593 1284 2654 3)
1323 2591 1457 2638 kann
1497 2588 1622 2636 auch
1661 2587 1765 2634 hier
1803 2586 1892 2633 das

377 2695 477 2727 von
534 2678 630 2725 den
690 2676 807 2723 Hss.
867 2675 907 2722 C
964 2675 1007 2720 E
1066 2674 1118 2720 M
1169 2673 1420 2736 gebotene
1469 2669 1610 2733 Impf.
1664 2667 1796 2715 nicht
1846 2667 1892 2713 in

381 2759 614 2807 Betracht
670 2755 958 2805 kommen.’'
1018 2755 1185 2816 Quam
1242 2751 1726 2816 argumentationem
1785 2765 1896 2796 esse

379 2841 554 2888 falsam
604 2857 752 2903 supra
804 2837 1078 2885 ostendisse
1118 2853 1209 2882 nos
1248 2850 1520 2897 speramus.
1566 2832 1666 2894 (De
1705 2831 1890 2877 aoristo
