2119 3342
1081 208 1146 257 74

348 338 436 409 ’γὰρ
476 338 703 390 ἔθαπτεν
743 334 900 396 αὐτοὺς
937 341 1124 403 νομίζων
1163 337 1204 386 ἐν
1238 345 1296 405 ’γῇ
1328 357 1369 385 τε
1401 339 1518 402 φιλίᾳ
1551 335 1755 385 τιθέναι
1794 337 1869 384 καὶ

346 419 446 490 παρ’
478 417 661 488 οένὸροῖσι
692 415 910 478 τοιούτοις,
941 417 1023 464 ubi
1056 417 1305 480 Steupius,
1338 415 1512 464 similia
1543 416 1606 463 de
1634 415 1729 463 hoc
1757 413 1869 462 1000

341 503 571 567 judicans
603 517 660 548 ac
693 500 755 548 de
787 499 898 547 loco
932 499 1158 562 proxime
1188 508 1418 554 tractato,
1450 507 1680 544 annotat:
1720 493 1871 557 ,,ἔθαπ·

347 605 413 634 τεν
472 582 649 645 Impf.
707 592 930 645 wegen
1000 581 1111 628 der
1180 580 1532 643 Beziehung
1600 578 1713 626 auf
1773 578 1873 625 die

351 664 666 713 dauernde
715 663 1016 726 VVirkung
1062 662 1118 709 in
1167 662 1270 709 der
1317 660 1742 708 Grabesruhe:
1782 659 1873 707 wie

356 764 399 806 2,
456 760 535 808 71,
590 763 613 792 2
665 744 871 795 ἀπεδίδου
920 742 1098 794 οἰκεῖν”.
1153 743 1498 806 Imperfectum
1545 742 1623 789 hic
1672 758 1873 805 quoque

353 827 805 890 descriptivum
838 825 1056 873 videtur:
1089 842 1186 872 non
1221 825 1315 872 hoc
1348 823 1669 871 Plataeenses
1689 840 1874 870 memo-

352 926 462 956 rare
500 918 672 955 curant
711 906 1139 955 Lacedaemonios
1178 906 1261 969 qui
1300 904 1415 952 olim
1448 903 1580 952 bello
1613 904 1874 951 Persarum

354 990 618 1038 ceciderint
647 1006 676 1036 a
705 1006 825 1052 rege
856 988 1099 1035 Pausania
1130 986 1348 1050 sepultos
1378 1003 1503 1045 esse,
1526 986 1615 1033 sed
1630 985 1876 1049 judicibus

355 1070 766 1119 Lacedaemoniis
832 1070 879 1116 in
950 1069 1169 1116 animum
1226 1084 1464 1115 revocare
1520 1067 1721 1114 student
1777 1083 1876 1130 qua

357 1152 534 1199 fiducia
586 1150 699 1199 olim
752 1150 1022 1197 Pausanias
1075 1149 1504 1197 Lacedaemonios
1555 1158 1780 1195 mortuos
1829 1147 1877 1194 in

357 1251 480 1298 agro
522 1232 801 1280 Plataeensi
841 1231 1068 1294 sepulcro
1109 1231 1460 1294 composuerit,
1500 1230 1669 1292 itaque
1703 1229 1879 1277 descri-

357 1315 487 1362 bitur
534 1314 640 1377 ipsa
688 1312 959 1376 sepeliendi
999 1313 1146 1372 actio,
1189 1329 1289 1375 quo
1330 1311 1384 1359 fit
1423 1322 1476 1358 ut
1515 1311 1663 1358 etiam
1704 1326 1879 1374 prae-

358 1396 552 1443 sentis
589 1395 856 1442 infinitivus
890 1394 1160 1457 (τιθέναι)
1200 1394 1264 1441 de
1297 1393 1476 1441 eadem
1506 1392 1702 1440 actione
1731 1390 1878 1455 paulo

359 1478 485 1525 infra
523 1487 801 1540 usurpetur,
843 1493 943 1523 non
983 1475 1166 1523 aoristi.

433 1559 500 1605 IV
567 1562 642 1617 16,
709 1575 725 1605 1
790 1558 1040 1625 δεξαμένων
1098 1556 1145 1606 δὲ
1194 1566 1275 1606 τῶν
1327 1566 1577 1623 στρατηγῶν
1626 1556 1698 1606 τὸν
1750 1553 1880 1620 λόγον

360 1642 650 1708 ἐγίγνοντο
688 1641 871 1690 σπονδαὶ
900 1640 1059 1688 τοιαίδε
1081 1637 1319 1701 (sequitur
1339 1637 1446 1700 ipsa
1467 1637 1765 1684 indutiarum
1787 1636 1882 1683 for-

362 1720 540 1784 mula):
592 1720 826 1784 impfecto
873 1722 1161 1787 ἐγίγνοντο
1210 1719 1418 1766 describi
1461 1729 1583 1781 puto
1624 1719 1880 1782 quomodo

361 1804 486 1850 inter
526 1801 956 1849 Lacedaemonios
997 1811 1045 1848 et
1085 1800 1420 1848 Athenienses
1459 1810 1571 1863 post
1610 1801 1749 1848 varia
1787 1799 1882 1847 col-

361 1883 529 1947 quuia
568 1883 771 1931 tandem
811 1882 1032 1929 indutiae
1071 1882 1417 1941 convenerint3
1458 1891 1631 1929 contra
1669 1891 1783 1945 post
1816 1881 1883 1928 in-

363 1965 610 2012 dutiarum
642 1963 908 2010 formulam
939 1961 1147 2010 relatam
1176 1963 1361 2010 factum
1394 1961 1677 2025 simpliciter
1699 1979 1885 2010 memo-

363 2056 498 2093 ratur
536 2045 721 2092 aoristo
762 2046 810 2107 (ξ
853 2046 927 2106 3>ῑ
970 2047 1016 2094 αἱ
1053 2044 1130 2111 μὲν
1152 2045 1335 2094 σπονδαὶ
1357 2045 1420 2094 ἐπὶ
1440 2040 1602 2104 τούτοις
1634 2044 1885 2111 ἐγένοντο

364 2133 489 2187 κτλ,
542 2126 760 2173 similiter
807 2126 915 2188 ipsa
962 2125 1241 2187 paciscendi
1294 2125 1423 2172 actio
1475 2124 1764 2188 imperfecto
1806 2141 1886 2172 ex-

365 2208 506 2272 primi
564 2207 757 2254 videtur
817 2206 886 2252 IV
940 2210 1021 2267 65,
1080 2223 1102 2253 2
1155 2207 1471 2268 (ἐποιοῦντο
1523 2206 1600 2262 τὴν
1649 2210 1887 2274 ὁμολογίαν

374 2307 457 2350 „so
515 2288 769 2335 schlossen
821 2288 891 2335 sie
943 2304 1042 2334 nun
1094 2287 1310 2334 wirklich
1358 2288 1436 2334 die
1488 2279 1884 2335 Ubereinkunft''

367 2370 460 2433 St.)
501 2381 550 2417 et
588 2370 705 2416 VIII
751 2375 831 2431 36,
876 2386 899 2416 2
945 2371 1040 2432 (καὶ
1080 2367 1223 2429 ἄλλας
1266 2367 1345 2435 [se.
1381 2367 1617 2435 ξυνθήκας]
1652 2367 1707 2420 ἔτι
1743 2377 1888 2437 Θηρα-

367 2453 524 2519 μένους
561 2451 769 2519 παρόντος
808 2453 1041 2501 ἐποίουν·
1084 2455 1157 2501 καὶ
1197 2453 1295 2501 εἰσιν
1335 2452 1483 2514 αἵδε).

440 2532 510 2578 VI
567 2549 646 2593 31,
709 2549 724 2578 1
782 2534 858 2582 καὶ
906 2533 947 2582 ἐν
994 2542 1052 2602 τῷ
1089 2532 1263 2598 παρέντι
1302 2542 1453 2602 καιρῷ,
1494 2535 1551 2592 ὡς
1588 2532 1674 2590 ἤδη
1711 2529 1890 2599 ἔμελλον

373 2610 481 2681 μετὰ
515 2612 729 2663 κινδύνων
766 2613 990 2672 ἄλλ-ἥλους
1023 2612 1258 2670 α’πολιπεῖν,
1297 2617 1470 2680 μᾶλλον
1509 2610 1665 2673 αὐτοὺς
1696 2614 1806 2681 ἐσῄει
1837 2610 1891 2663 τὰ

372 2691 490 2744 δεινοὶ
521 2695 547 2749 ἦ
581 2694 644 2744 ὅτε
675 2696 1006 2762 ἐψηφίζοντο
1035 2698 1180 2745 πλεῖνε
1212 2694 1625 2757 exspectabamus
1654 2694 1890 2742 aoristum

423 2817 456 2860 1)
482 2819 535 2849 De
570 2817 768 2849 discrimine
802 2816 1038 2848 aoristiearum
1072 2820 1106 2847 et
1140 2817 1431 2858 praesenticarum
1466 2817 1562 2849 verbi
1594 2814 1801 2857 ψηφίζεσθαι
1827 2817 1892 2849 sor-

373 2886 503 2906 marum
531 2875 689 2916 pluribus
714 2873 802 2905 infra
828 2873 845 2916 ἓ
876 2882 928 2905 11.
