2119 3342
877 209 933 256 51

144 337 346 385 affectus
378 337 668 401 plerumque
697 337 864 385 formis
895 336 1132 385 durativis
1164 336 1515 399 exprimuntur.
1543 333 1658 382 Huc

144 419 388 482 pertinent
421 419 544 467 haec
581 420 762 467 verba:
804 416 1104 487 ἄχθεσθαι,
1135 415 1500 486 βαρύνεσθαι,
1523 417 1657 484 ὀργί-

145 498 1654 568 ζεσθαι,χαλεπαι’νεινςφοβεῖσθαι;οἷρέσκειν,ἐλπίζειν.

213 581 365 629 Verbi
405 579 672 650 ἄχθεσθαι
714 581 973 644 aliquoties
1011 580 1145 643 impf.
1187 579 1380 643 legitur,
1420 578 1517 626 ind.
1552 594 1655 626 aor.

145 680 389 726 nusquam
428 663 648 711 occurrit.

214 744 367 792 Verbi
399 742 737 812 βαρύνεσθαι
780 741 1107 807 „gravari'‘‚
1150 740 1389 802 „taedio
1421 739 1657 799 affici'’,

144 835 334 873 tanturn
386 825 726 888 praesentieae
775 825 979 880 formae,
1032 824 1079 870 in
1121 823 1297 887 quibus
1348 838 1371 869 2
1414 821 1548 885 impf.
1591 821 1654 884 (II

153 911 227 966 16,
273 923 324 967 23
364 906 481 954 VIII
528 923 568 964 1,
614 908 676 970 2),
717 916 992 954 occurrunt.

214 988 366 1036 Verbi
417 990 731 1058 ὀργίζεσθαι
783 987 917 1051 impf.
963 1001 986 1048 5
1029 985 1223 1050 legitur,
1264 986 1361 1033 ind.
1404 1002 1506 1033 aor.
1550 1001 1659 1032 nus-

145 1086 295 1132 quam
334 1080 591 1118 invenltur.

216 1151 368 1198 Verbi
415 1155 784 1219 χαλεπαίνειν
834 1167 1050 1214 „aegre
1102 1148 1323 1208 ferre”,
1384 1164 1657 1208 „succen-

145 1231 329 1292 sere’‘,
360 1242 552 1280 tantum
582 1232 919 1296 praesenticae
952 1231 1156 1291 formae,
1185 1230 1233 1277 in
1255 1230 1431 1294 quibus
1452 1246 1483 1290 4
1504 1228 1657 1293 impf.,

146 1314 470 1363 inveniuntur.

217 1396 369 1444 Verbi
416 1400 702 1465 φοβεῖσθαι
761 1394 1039 1457 „timere”
1095 1394 1227 1456 impf.
1282 1395 1352 1457 (et
1401 1391 1528 1440 aliae
1565 1392 1658 1440 for-

148 1496 259 1526 mae
301 1479 658 1542 praesenticae)
700 1476 854 1525 multo
885 1476 1083 1539 saepius
1114 1475 1320 1523 occurrit
1352 1492 1503 1538 quam
1536 1491 1658 1533 aor.,

147 1560 230 1623 qui
298 1560 430 1623 apud
499 1570 720 1607 nostrum
787 1575 984 1621 semper
1051 1556 1295 1621 significat
1358 1556 1659 1614 „timorem

149 1641 506 1705 concipere”
557 1643 678 1704 (aor.
731 1640 987 1704 ingreSS.)3
1036 1638 1171 1702 impf.
1230 1654 1304 1698 14,
1345 1637 1442 1685 ind.
1483 1654 1586 1684 aor.
1631 1651 1655 1698 5

148 1721 338 1786 legitur.
395 1723 582 1770 Contra
635 1722 781 1770 activi
830 1725 1017 1789 φοβεῖν
1069 1719 1233 1783 plures
1271 1719 1529 1767 aoristicae
1567 1719 1659 1766 for-

150 1821 277 1862 mae,
330 1805 377 1852 in
430 1805 606 1868 quibus
657 1821 687 1865 4
726 1804 823 1850 ind.
864 1819 985 1863 aor.,
1027 1819 1177 1865 quarn
1217 1801 1572 1865 praesenfficae,
1612 1801 1660 1847 in

151 1886 327 1949 quibus
379 1902 402 1933 2
456 1886 607 1950 impf.,
661 1894 946 1945 occurrunt3
986 1884 1035 1931 id
1074 1883 1210 1946 quod
1247 1900 1308 1930 eo
1348 1882 1529 1929 factum
1568 1891 1657 1941 est,

150 1967 286 2030 quod
309 1968 523 2015 activum
549 1972 737 2036 φοβῆσαι
762 1965 1052 2030 plerumque
1073 1964 1345 2027 ingressive
1371 1974 1657 2027 usurpatur:

159 2049 481 2110 „timorem
519 2047 868 2108 incutere”·,
907 2047 1096 2095 formae
1134 2057 1301 2094 autem
1323 2045 1661 2109 praesenticae

151 2131 428 2194 significant
474 2131 722 2192 „timore
767 2128 1196 2193 (aliquamdiu)
1239 2127 1552 2185 afficere’',
1593 2127 1660 2174 ita

152 2222 204 2260 ut
237 2212 523 2276 imperfecta
557 2228 686 2275 quae
720 2220 979 2258 occurrunt
1009 2210 1072 2273 (Il
1104 2226 1186 2270 94,
1219 2226 1271 2271 33
1302 2209 1348 2255 V
1370 2223 1453 2270 45,
1484 2210 1527 2272 1)
1557 2225 1661 2256 ver-

151 2295 303 2342 tenda
341 2295 436 2342 sint
483 2293 833 2355 „sollieitudine
873 2291 1213 2356 (aliquamdiu)
1255 2290 1588 2338 afficiebant''.

223 2376 374 2424 Verbi
443 2376 694 2444 α’ρέσκειν
771 2372 1077 2437 „placere”
1139 2374 1288 2436 (pass
1355 2371 1660 2434 „acquies-

154 2457 355 2521 cere‘')
394 2457 742 2505 tantummodo
780 2455 1119 2520 praesenticae
1156 2455 1346 2502 formae
1385 2454 1451 2517 (in
1485 2454 1662 2516 quibus

159 2553 184 2602 7
224 2540 357 2604 impf.
400 2549 494 2587 aet.
534 2549 584 2587 et
627 2555 650 2585 2
693 2538 827 2601 impf.
868 2538 1020 2600 pass)
1059 2536 1385 2584 inveniuntur.
1426 2535 1661 2598 (Compo-

155 2622 298 2669 situm
346 2621 677 2689 α’παρέσκειν
735 2618 1051 2682 „displicere”
1096 2617 1276 2682 legitur
1313 2616 1661 2664 tantummodo

156 2704 175 2750 I
220 2706 298 2764 38,
340 2719 371 2763 4
410 2702 763 2770 α’παρέσκοιμεν.)

227 2784 378 2832 Verbi
409 2785 646 2845 ἐλπίζειν
688 2782 1041 2845 „sperare'’,
1080 2780 1497 2842 „confidere''‚
1540 2797 1661 2840 „ex-

157 2866 502 2930 spectare'',
542 2865 801 2928 aliquoties
840 2866 944 2928 (18)
984 2863 1118 2927 impf.
1160 2862 1390 2922 occurrit3
1426 2861 1522 2908 ind.
1556 2878 1658 2909 aor.
