2119 3342
908 227 965 274 15

180 358 497 423 antiquissima
533 367 691 405 aetate
719 356 932 403 diversae
964 354 1119 402 aoristi
1148 353 1448 401 formationes
1481 351 1696 415 (aoriStus

181 441 452 506 sigmaticus
489 450 539 486 ut
576 437 720 499 ἔδειξα
758 448 805 485 et
836 436 990 484 aoristi
1021 435 1209 483 secundi
1242 445 1291 482 ut
1322 433 1490 502 ἔδομεν,
1524 432 1693 501 ἔφυγον,

182 522 350 590 ’ἤγαγον
372 521 405 587 ¹)
457 519 590 567 simul
639 520 681 565 in
731 536 816 565 usu
856 518 957 575 sint,
997 534 1162 564 omnes
1201 526 1360 563 autem
1397 516 1555 562 variae
1593 513 1697 561 illae

182 603 484 651 formationes
534 617 771 648 omnes
818 598 1078 646 aoristi
1126 597 1698 662 significationes

184 684 520 741 admittant,
570 699 675 729 cum
726 682 789 727 ab
839 679 985 728 altera
1035 689 1170 742 parte
1207 676 1453 726 verisimile
1491 677 1546 724 sit
1583 687 1699 731 tem-

183 782 300 829 pore
357 782 452 827 quo
506 762 610 811 illae
665 762 844 810 formae
900 771 1069 808 ortae
1125 770 1230 807 sunt
1278 759 1487 822 cuique
1534 775 1699 805 suam

185 844 681 911 significationem
750 843 956 901 fuisse,
1026 842 1233 905 sequitur
1298 858 1384 888 nos
1452 839 1700 904 dijudicare

185 944 278 975 non
328 943 470 990 posse
521 942 644 989 quae
692 925 735 971 in
784 923 988 988 lingua
1039 922 1292 981 Graeca,
1345 931 1579 984 quatenus
1615 937 1701 984 per

187 1018 493 1056 monumenta
546 1006 763 1054 litteraria
818 1005 951 1052 nobis
1006 1004 1174 1052 tradita
1229 1014 1316 1063 est,
1369 1002 1524 1050 aoristi
1572 1001 1703 1049 fuerit

187 1089 460 1154 significatio
498 1087 715 1151 primaria
735 1088 785 1150 ⁰).

258 1169 519 1218 Putandum
569 1179 641 1216 est
687 1186 769 1216 eas
819 1167 1191 1232 significationes,
1244 1182 1367 1229 quae
1416 1163 1701 1229 singularum

190 1251 347 1299 aoristi
383 1250 709 1298 formationum
748 1266 807 1296 eo
844 1259 1062 1311 tempore
1099 1265 1193 1311 quo
1231 1263 1452 1310 quaeque
1489 1245 1704 1293 formatio

190 1343 293 1381 orta
339 1342 412 1380 est
459 1331 676 1395 propriae
720 1331 915 1388 fuerunt,
954 1328 1182 1392 paulatim
1220 1328 1283 1375 ad
1320 1344 1485 1375 omnes
1523 1337 1706 1374 ceteras

191 1414 491 1461 formationes
540 1430 646 1460 esse
688 1410 953 1469 translatas,
992 1411 1055 1458 ita
1092 1420 1142 1457 ut
1178 1427 1237 1457 ea
1273 1408 1464 1473 linguae
1503 1407 1706 1455 Graecae

191 1505 365 1554 aetate,
417 1512 559 1558 quam
607 1493 918 1541 vetustissima
968 1501 1273 1539 monumenta
1317 1489 1533 1538 litteraria
1570 1489 1705 1536 nobis

190 1586 560 1640 repraesentant,
613 1592 777 1622 omnes
820 1575 918 1638 jam
959 1573 1114 1620 aoristi
1151 1572 1450 1620 formationes
1488 1570 1704 1618 omnibus

189 1658 450 1720 iisdemque
485 1656 893 1721 significationibus
930 1654 1149 1702 aoristicis
1187 1653 1431 1717 praeditae
1469 1662 1640 1700 essent.
1670 1652 1705 1715 3)

262 1740 398 1786 Haec
448 1755 641 1802 quoque
691 1737 917 1801 quaestio,
959 1753 1082 1799 quae
1119 1735 1274 1783 aoristi
1311 1734 1462 1781 Indo
1473 1749 1706 1798 germa-

192 1821 311 1868 niei
360 1819 494 1867 fuerit
532 1819 821 1884 significatio,
863 1828 989 1865 certa
1021 1817 1200 1864 ratione
1237 1815 1354 1863 solvi
1388 1832 1481 1862 non
1518 1813 1703 1877 poterit,

195 1901 301 1965 quia
356 1901 399 1948 in
449 1899 682 1964 plerisque
731 1899 894 1963 linguis
943 1897 1337 1962 Indogermanicis
1386 1896 1581 1943 aoristus
1616 1912 1709 1942 non

194 1993 423 2045 superest.
458 1981 533 2028 Nil
562 1981 644 2028 nisi
675 1981 972 2044 conjecturae
1006 1980 1066 2027 de
1098 1996 1157 2026 ea
1188 1996 1238 2026 re
1270 1977 1462 2041 proferri
1493 1986 1706 2040 possunt,

194 2080 390 2126 quarum
429 2080 502 2122 ea,
542 2080 665 2126 quae
702 2062 809 2108 mihi
840 2079 1031 2125 quoque
1064 2060 1267 2107 maxime
1296 2058 1554 2122 probabilis
1584 2058 1709 2105 vide-

193 2155 279 2203 tur,
331 2155 404 2192 est
451 2143 756 2208 Streitbergii,
805 2142 887 2206 'qui
935 2153 1069 2206 putat
1110 2142 1282 2189 aoristo
1320 2139 1708 2205 Indogermanico

194 2227 257 2274 ab
292 2226 468 2291 origine
499 2225 740 2273 inhaerere
772 2225 888 2271 vim
918 2223 1336 2288 perfectivam
1358 2222 1437 2285 (de
1457 2239 1551 2285 qua
1569 2237 1710 2284 supra

196 2308 422 2371 diximus),
474 2324 535 2355 ex
584 2324 643 2354 ea
687 2316 845 2354 autem
896 2316 1056 2353 natam
1104 2322 1211 2352 esse
1254 2304 1348 2352 vim
1385 2303 1709 2361 constativam,

251 2560 284 2604 ι)
310 2562 364 2592 De
397 2559 501 2591 variis
534 2557 646 2588 modis
680 2555 806 2598 quibus
839 2555 957 2587 aoristi
991 2554 1127 2586 formati
1161 2557 1240 2586 sunt
1265 2553 1354 2585 bene
1381 2552 1452 2594 agit
1475 2553 1550 2584 LEO
1578 2552 1728 2584 MEYEK

200 2617 423 2651 Griechische
459 2615 608 2657 Aoriste,
639 2614 695 2645 ein
721 2614 859 2654 Beitrag
885 2623 942 2644 zur
968 2612 1175 2644 Geschichte
1198 2612 1258 2644 des
1285 2612 1452 2653 Tempus·
1477 2610 1549 2642 und
1574 2610 1714 2642 Modus-

198 2676 388 2721 gebrauchs
413 2675 460 2706 im
487 2672 733 2705 Griechisehen
758 2671 892 2714 (Berlin
922 2670 1038 2714 1879).

249 2733 284 2776 2)
312 2733 365 2765 Cf.
393 2733 531 2772 Brugm.
559 2730 616 2761 Gr.
645 2728 728 2761 G1·.³
756 2739 789 2770 p.
822 2736 874 2760 11.

249 2790 285 2834 3)
311 2791 365 2822 De
392 2788 559 2831 ejusmodi
585 2786 876 2829 significationum
901 2785 991 2817 inter
1016 2786 1168 2817 diversas
1190 2784 1316 2816 formas
1338 2786 1454 2815 mutua
1478 2781 1714 2824 translatione,

203 2859 291 2891 quae
327 2859 347 2879 a
385 2847 466 2878 viris
503 2846 613 2878 doctis
652 2843 867 2876 Germanicis
907 2842 1214 2885 „Ausgleichung”
1254 2847 1407 2884 vocatur,
1444 2840 1486 2875 cf.
1522 2841 1714 2872 HERMANN

202 2907 302 2938 PAUL
326 2904 524 2946 Principien
551 2903 610 2935 der
637 2901 980 2944 Spraehgeschichte,
1006 2901 1148 2943 passim.
