2119 3342
911 188 969 232 91

195 312 280 360 i.e.
330 329 468 374 „cum
502 330 700 376 semper
730 330 861 361 nova
894 315 1148 378 acquirere
1186 314 1474 376 studeant”3
1524 332 1634 377 123,
1683 333 1698 362 1

194 391 365 461 ποῖτριον
403 391 489 462 ’γαρ
525 394 626 462 ὑμῖν
665 396 712 445 ἐκ
750 405 832 445 τῶν
870 395 1008 446 πόνων
1037 393 1115 456 τὰς
1148 393 1300 463 α’ρετᾶς
1339 403 1441 446 κτοῖ
1451 400 1575 447 σθαι
1616 397 1643 444 i.
1662 413 1703 444 e.

203 475 435 536 „virtutes
473 475 681 522 sectari'’
724 477 876 539 (quod
916 477 980 524 ad
1018 478 1315 525 sententiam
1355 479 1530 526 attinet
1569 479 1626 527 cf.
1664 479 1705 526 ΙΙ

198 573 278 618 39,
341 573 358 603 1
414 557 495 603 ubi
546 556 608 604 de
659 557 835 604 eadem
875 575 928 605 re
966 558 1162 605 dicitur:
1203 559 1380 626 ἐπιπόνῳ
1420 559 1600 615 α’σκῆσει
1639 589 1706 594 --

197 638 251 687 τὸ
300 636 556 705 οἷνδρεῐον
605 638 1002 705 μετέρχονται).
1063 639 1376 702 Participium
1433 640 1708 703 praesentis

195 719 262 765 ita
302 728 564 781 usurpatur
601 717 732 766 hisce
771 717 911 767 loeis:
953 720 995 766 ΙΙ
1038 723 1117 778 62,
1162 736 1187 780 3
1229 726 1400 787 αἴσχιον
1440 719 1487 770 δὲ
1525 719 1708 788 ἔχοντας

195 798 473 867 ἀφαιρεθῆναι
520 798 546 853 ἢ
600 799 905 866 κτωμένους
944 801 991 864 (i.
1016 818 1057 848 e.
1099 801 1466 863 possessionem
1505 801 1709 866 alicujus

194 880 262 927 rei
321 882 683 944 consectantes)
741 880 986 949 α’τυχῆσαι,
1041 886 1122 943 65,
1177 885 1204 929 8
1258 883 1300 946 (ὁ
1350 885 1581 951 Περικλῆς)
1630 881 1708 933 οὐκ

194 960 317 1029 ἤγετο
367 965 539 1029 μᾶλλον
586 959 655 1012 ὑπ’
697 959 827 1012 αὐτοῦ
866 963 912 1026 (i.
937 980 979 1010 e.
1019 969 1093 1013 τοῦ
1132 965 1341 1027 πλήθους)
1380 964 1406 1018 ἢ
1448 962 1575 1024 αὐτὸς
1613 959 1705 1032 gase,

196 1039 270 1092 διὰ
308 1041 354 1091 τὸ
392 1042 455 1109 μὴ
497 1041 774 1110 κτώμενος
812 1044 858 1104 ἐξ
890 1041 937 1094 οὐ
969 1044 1267 1112 προσηκόντων
1299 1044 1375 1100 τὴν
1397 1041 1587 1112 δύναμιν
1608 1045 1709 1113 πρὸς

194 1123 359 1178 ἡδονήν
409 1145 447 1173 τι
497 1123 631 1191 λέγειν
683 1125 710 1172 i.
735 1141 777 1173 e.
835 1134 1166 1188 „potestatem
1205 1125 1295 1173 sibi
1334 1126 1574 1173 asciscere
1612 1137 1708 1173 stu-

196 1203 380 1266 dens''3
433 1204 652 1253 similiter
699 1206 765 1252 III
820 1222 899 1267 39,
952 1223 975 1253 2
1018 1204 1208 1274 δύναμιν
1247 1206 1512 1274 κτώμενοι
1552 1217 1601 1254 et
1640 1207 1707 1253 ΙΙΙ

197 1287 278 1343 82,
335 1289 362 1333 8
413 1291 521 1355 χειρὶ
572 1286 838 1355 κτώμενοι
889 1287 935 1338 τὸ
974 1295 1159 1356 κρατεῖν.
1202 1288 1530 1351 Imperativus
1571 1304 1709 1351 prae-

198 1366 351 1415 sentis
397 1367 498 1416 vim
538 1369 819 1416 eonativam
860 1369 1012 1417 habet
1052 1369 1120 1416 IV
1162 1386 1243 1430 92,
1289 1383 1314 1431 7
1355 1372 1510 1430 δεῖξαι,
1550 1369 1611 1419 ἔτι
1650 1365 1708 1418 ὧν

193 1446 272 1515 μὲν
314 1449 493 1515 ἐφίενται
522 1449 623 1517 πρὸς
655 1447 754 1509 τοὺς
784 1449 847 1517 μὴ
883 1449 1210 1517 α’μυνουμένους
1242 1449 1422 1510 ἐπιόντες
1460 1448 1708 1501 κτάσθων

205 1545 320 1589 „eos
359 1530 632 1577 consectari
678 1530 926 1593 oportet”.

267 1610 402 1673 (Alia
424 1611 798 1675 significatione,
823 1630 1004 1676 nempe
1034 1612 1336 1672 iterativa,
1367 1613 1506 1660 verbi
1527 1616 1709 1663 κτᾶσθαι

197 1691 386 1740 formae
437 1694 777 1756 praesentieae
828 1705 1096 1758 usurpatae
1146 1704 1259 1742 sunt
1309 1695 1442 1742 hisce
1492 1693 1634 1742 locis:
1689 1693 1708 1739 I

200 1786 279 1835 70,
333 1790 365 1834 4
416 1780 574 1825 οἴονται
624 1772 712 1842 ’γαρ
762 1778 802 1826 οἱ
849 1775 927 1843 μὲν
978 1786 1032 1845 τῇ
1081 1775 1266 1842 α’πουσίᾳ
1307 1773 1359 1826 ἄν
1398 1798 1436 1826 τι
1475 1779 1709 1826 κτᾶσθαι

203 1854 436 1917 „singulis
487 1856 881 1919 expeditionibus
932 1856 1114 1920 aliquid
1165 1857 1477 1921 acquirere'’3
1525 1872 1636 1917 143,
1680 1870 1704 1917 5

198 1936 322 2004 (χρὴ)
372 1936 450 1992 τὴν
501 1936 722 2005 ὀλόφυρσιν
770 1938 832 2005 μὴ
886 1941 1026 1988 οἰκιῶν
1077 1940 1151 1989 καὶ
1201 1947 1282 2006 γῆς
1329 1942 1548 1997 ποιεῖσθαι,
1591 1934 1710 1988 α’λλὰ

195 2028 277 2068 τῶν
326 2015 566 2086 σωμοῖτων’
616 2016 664 2068 οὐ
714 2016 799 2087 γὰρ
842 2018 945 2069 τάδε
981 2018 1080 2080 τοὺς
1120 2017 1304 2088 ἄνδρας,
1345 2017 1444 2070 α’λλ’
1482 2022 1520 2069 οἱ
1558 2016 1710 2087 ἄνδρες

196 2104 335 2149 ταῦτα
385 2109 620 2150 κτῶνται
677 2100 958 2163 „acquirere
998 2099 1218 2161 solent’'3
1260 2101 1302 2147 ΙΙ
1344 2116 1426 2161 40,
1468 2116 1499 2160 4
1538 2098 1585 2149 οὐ
1626 2096 1711 2167 γὰρ

197 2178 436 2248 πάσχοντες
468 2171 529 2240 εὖ,
564 2178 681 2231 α’λλά
714 2183 894 2249 δρῶντες
927 2181 1177 2250 κτώμεθα
1205 2180 1304 2243 τοὺς
1323 2185 1468 2250 φίλους
1497 2181 1712 2243 „amieos

199 2260 453 2324 acquirere
491 2260 780 2326 solemus'‘.)

272 2342 619 2405 Compositum
671 2344 1021 2395 οένακτοῖσθαι
1068 2343 1223 2392 semel
1270 2354 1464 2392 tantum
1504 2344 1713 2391 occurrit

200 2433 352 2486 atque
402 2423 450 2470 id
501 2424 859 2487 significatione
910 2426 1155 2486 conativa‚
1210 2443 1391 2490 nempe
1441 2425 1510 2472 VI
1558 2442 1639 2486 92,
1680 2441 1711 2485 4

200 2502 291 2554 οὐδ’
339 2506 401 2555 ἐπὶ
447 2508 636 2574 πατρίδα
686 2496 820 2556 οὖσαν
868 2504 923 2557 ἔτι
969 2510 1162 2575 ἡγοῦμαι
1211 2513 1286 2557 νῦν
1335 2507 1454 2565 ἰέναι,
1506 2505 1612 2557 πολὺ
1665 2505 1713 2556 δὲ

200 2591 372 2653 μᾶλλον
409 2586 486 2643 τὴν
528 2585 606 2636 οὐκ
638 2578 771 2637 οὖσαν
811 2587 1162 2639 α’νακτοῖσθαι
1205 2588 1279 2649 „id
1313 2605 1463 2651 agere
1495 2598 1548 2634 ut
1577 2604 1709 2633 reeu-

201 2667 423 2729 perem”,
457 2684 586 2730 quae
618 2668 753 2715 notio
787 2667 890 2716 aliis
919 2669 1084 2716 verbis
1116 2670 1162 2716 in
1197 2670 1451 2717 enuntiato
1485 2669 1711 2732 sequenti

201 2749 268 2795 sic
302 2749 608 2811 exprimitur:
641 2751 686 2809 ἒς
719 2748 772 2800 ἂν
940 2755 1168 2821 πειραθῇ
1207 2748 1342 2806 αὐτὴν
1382 2751 1710 2818 ἀναλαβεῖν.

275 2829 620 2893 Compositum
663 2832 991 2881 ἐπικτᾶσθαι
1030 2832 1162 2879 hisce
1202 2841 1393 2879 tantum
1433 2830 1551 2878 locis
1591 2831 1712 2892 (ubi-
