2119 3342
893 218 948 263 31

168 345 472 408 requirimus,
512 361 572 391 eo
612 343 772 407 magis
812 343 947 407 quod
986 342 1328 406 imperfectum
1367 339 1494 393 ἔπειθε
1525 339 1679 405 vulgo

169 426 268 473 vim
320 425 602 473 conativam
643 425 795 472 habet
833 425 914 487 (de
955 441 1107 487 quare
1145 424 1244 471 vid.
1286 424 1468 486 supra),
1511 432 1680 470 nostro

169 516 336 554 autem
375 506 485 554 loco
526 523 623 553 non
662 506 710 553 id
750 506 884 568 quod
923 515 998 552 est
1043 505 1373 567 „persuadere
1406 521 1505 551 non
1539 521 1682 551 cona-

168 587 344 635 batur'’
386 588 474 635 sed
513 604 640 645 „non
674 585 950 650 persuasit''
986 596 1220 633 contextu
1251 585 1528 648 requiritur,
1559 602 1681 648 ergo

169 666 247 719 οὐκ
285 667 523 720 ἔπεισεν.
567 669 728 716 Recta
766 667 1027 731 explicatio
1068 666 1357 714 elocutionis
1395 664 1474 716 οὐκ
1512 664 1681 726 ἔπειθεν,

169 766 300 813 quae
355 760 552 813 praeter
607 748 771 797 locum
821 748 1078 796 laudatum
1136 749 1286 795 etiarn
1337 746 1526 810 aliquot
1577 745 1683 794 aliis

169 829 288 878 locis
344 831 567 890 occurrit,
626 831 750 878 haec
806 830 1027 877 videtur:
1081 829 1176 876 hoc
1226 828 1515 892 imperfecto
1569 845 1684 876 usus

169 912 375 975 scriptor
408 929 507 959 non
534 921 797 975 tantopere
818 920 1052 958 eventum
1075 909 1425 974 (persuadendi
1447 919 1682 957 conatum

170 993 354 1040 irritum
389 1010 497 1040 esse
517 993 722 1056 factum)
744 991 990 1056 significat
1012 1008 1161 1054 quam
1183 991 1317 1054 ipsos
1338 1000 1545 1038 conatus
1567 990 1683 1037 frus-

169 1084 245 1122 tra
274 1074 535 1122 adhibitos.
570 1074 746 1122 Latine
775 1073 1081 1136 Thucydidis
1111 1073 1263 1120 verba
1293 1072 1406 1119 ideo
1435 1072 1503 1119 sic
1525 1072 1681 1119 reddi-

169 1155 348 1203 derim:
382 1155 511 1213 „Sed
542 1173 653 1202 curn
675 1155 780 1219 ejus
801 1154 1042 1202 suadendi
1064 1154 1326 1201 conamina
1348 1153 1480 1200 irrita
1501 1153 1682 1201 evasis-

170 1236 329 1285 sent.’'
366 1236 619 1284 Suadendi
650 1246 860 1284 eventus
891 1235 953 1298 (τὸ
985 1236 1142 1298 πεῖσαι)
1176 1235 1372 1297 proprie
1392 1234 1682 1297 imperfecto

171 1335 270 1367 non
303 1318 445 1378 inest,
478 1319 567 1366 sed
600 1318 903 1382 cogitatione
936 1327 1011 1365 est
1043 1316 1361 1380 supplendus.
1399 1315 1512 1363 Hoc
1532 1315 1682 1363 etiam

169 1418 218 1448 v.
241 1418 280 1448 c.
323 1399 387 1448 Α.
431 1400 514 1447 W.
556 1400 805 1447 AHLBERG
825 1400 860 1463 1)
892 1397 1109 1446 voluisse
1142 1398 1350 1456 videtur,
1387 1414 1498 1444 cum
1533 1396 1682 1460 paulo

170 1482 417 1544 antiquius
467 1481 588 1528 dixit
637 1481 792 1528 verba
829 1478 908 1531 οὐκ
946 1478 1073 1531 ἔπειθε
1112 1497 1200 1543 per
1235 1477 1682 1542 breviloquentiam

170 1563 302 1610 dicta
349 1580 457 1610 esse
507 1580 596 1626 pro
648 1579 708 1610 eo
761 1561 895 1626 quod
923 1572 999 1609 est
1030 1559 1182 1612 ἔπειθεν
1216 1558 1317 1611 ἀλλ’
1347 1558 1425 1610 οὐκ
1456 1558 1609 1611 ἔπεισεν
1630 1560 1680 1623 2).

170 1644 455 1708 Cognatum
490 1653 567 1692 est
599 1643 709 1690 huic
741 1642 1016 1706 imperfecti
1050 1642 1156 1689 usui
1188 1641 1237 1688 id
1259 1641 1394 1705 quod
1414 1639 1593 1704 legitur
1615 1641 1684 1688 IV

177 1742 287 1784 110,
338 1742 354 1772 1
399 1728 456 1785 ὡς
493 1722 534 1776 δ’
566 1722 659 1775 οὐκ
692 1726 992 1780 ἐσήκουον.
1029 1723 1125 1770 Hic
1161 1740 1360 1787 quoque
1393 1722 1682 1785 imperfecto

167 1807 471 1870 significatur
503 1824 592 1870 per
623 1806 878 1869 quoddam
910 1815 1108 1869 tempus
1141 1822 1251 1852 esse
1282 1804 1504 1852 restitum
1539 1821 1683 1851 cona-

169 1889 380 1936 minibus
409 1888 585 1951 quibus
616 1888 725 1951 quis
756 1904 873 1934 usus
901 1896 977 1934 est
1002 1896 1054 1934 ut
1087 1886 1176 1934 sibi
1210 1895 1480 1949 pareretur.
1507 1885 1560 1932 In
1583 1885 1682 1932 uni-

167 1967 1202 2033 versumigiturdicipotestimperfecto
1225 1966 1562 2029 negatione
1596 1966 1682 2013 ad-

162 2052 379 2116 juncta
417 2049 766 2114 significari
807 2048 1329 2113 repugnationem
1363 2064 1469 2111 per
1501 2047 1682 2110 quod-

167 2133 301 2180 dam
352 2138 593 2194 tem'pus
642 2131 1071 2179 continuatam
1111 2139 1326 2177 contra
1365 2128 1682 2176 conamina

168 2215 386 2278 quibus
442 2214 576 2277 quis
627 2213 700 2261 ad
751 2211 1075 2260 consilium
1126 2228 1295 2259 suum
1347 2227 1682 2274 assequen-

167 2297 200 2343 d
221 2314 250 2343 u
273 2313 321 2343 m
390 2313 421 2342 u
442 2306 460 2343 t
481 2295 494 2342 i
515 2305 534 2342 t
555 2312 653 2355 ur,
722 2310 874 2357 quam
945 2291 1333 2340 Gildersleevius
1401 2290 1431 2339 l.
1473 2290 1502 2339 l.
1562 2290 1682 2339 dixit

174 2377 470 2435 „resistance
499 2386 551 2423 to
577 2374 853 2439 pressure.’⁷
879 2373 1124 2438 Exempla
1145 2373 1333 2436 aliquot
1354 2373 1680 2436 Thucydidea

168 2459 312 2522 hujus
344 2457 615 2522 imperfecti
645 2474 761 2504 usus
793 2456 1059 2520 separatim
1081 2465 1294 2503 tractare
1314 2453 1432 2503 utile
1444 2454 1679 2519 judicavi.

219 2655 252 2699 1)
278 2654 314 2685 in
348 2651 637 2685 commentatione
673 2647 809 2691 „Nt‘igra
842 2648 1110 2690 anm'zirkningar
1144 2648 1197 2680 till
1223 2646 1462 2690 imperfektets
1488 2646 1552 2678 och
1576 2645 1681 2678 aoris-

167 2717 244 2744 tens
278 2716 400 2754 syntax
434 2711 497 2742 hos
532 2708 792 2750 Thukydides'’7
820 2718 908 2750 quae
933 2708 1058 2749 legitur
1084 2707 1120 2738 in
1147 2706 1255 2738 diario
1283 2705 1429 2737 Svedieo
1456 2702 1545 2736 Fran
1571 2704 1682 2736 filolo-

168 2770 267 2812 giska
290 2769 494 2810 foreningen
520 2767 531 2798 i
558 2766 672 2808 Lund,
697 2762 873 2807 spr‘zlkliga
897 2769 1079 2807 uppsatser
1104 2764 1138 2795 ΙΙ
1165 2761 1284 2806 (Lund
1313 2761 1429 2805 1902),
1457 2773 1492 2804 p.
1520 2770 1575 2794 21.

216 2827 253 2871 2)
278 2828 516 2868 Brugmannus
537 2823 611 2868 (Gr.
635 2823 721 2855 Gr.³
740 2822 757 2865 ἕ
780 2828 847 2864 544
870 2822 989 2865 Anm.)
1012 2826 1046 2854 et
1067 2821 1253 2853 Meltzerus
1274 2819 1318 2863 (1.
1342 2821 1379 2852 F.
1402 2819 1504 2851 XVII
1527 2830 1560 2862 p.
1584 2818 1681 2862 219),

169 2884 229 2926 qui
256 2888 289 2916 et
315 2883 382 2926 ipsi
408 2883 449 2915 de
474 2882 538 2914 hac
565 2881 758 2923 quaestione
784 2879 975 2923 disputant,
1001 2878 1232 2921 explicatione
1259 2877 1329 2911 fere
1355 2877 1543 2910 abstinent.
