2119 3342
1031 197 1125 242 106

346 354 450 391 tam
519 340 811 397 orationem,
881 353 980 400 qua
1037 333 1243 382 militum
1299 332 1447 380 animi
1505 330 1860 379 confirmantur

348 423 710 485 incitanturque
762 419 825 467 ad
876 434 1114 481 pugnarn,
1165 414 1372 479 legitur3
1426 413 1600 460 mirum
1651 428 1751 459 non
1790 419 1866 457 est

350 501 689 568 hujuscemodi
744 499 865 548 loeis
915 499 981 546 ad
1031 495 1407 545 accelerandum
1457 491 1750 542 narrationis
1799 501 1866 538 te-

353 603 524 634 norem
564 601 594 632 a
631 593 798 631 nostro
836 581 1074 629 aoristum
1113 577 1349 637 adhiberi,
1386 593 1485 640 quo
1520 575 1573 623 fit
1604 584 1658 622 ut
1690 588 1862 621 eorum

352 667 574 715 locorum
624 663 872 728 plerisque
919 662 1072 710 etiam
1117 660 1384 708 verborum
1433 655 1751 705 vicinantium
1789 670 1870 700 ao-

356 750 499 796 ristus
549 756 826 810 usurpetur,
879 743 962 807 qui
999 741 1092 790 loci
1131 751 1271 789 sunt:
1313 739 1384 787 IV
1426 755 1472 798 9,
1513 755 1544 798 4
1582 735 1737 797 ἔταξε
1775 732 1873 793 τοὺς

356 834 532 889 ὁπλίτας
569 857 637 864 --
675 828 750 878 καὶ
818 820 1263 894 παρεκελεύσατο
1330 818 1502 882 τοιοίδε,
1570 819 1641 866 VI
1700 820 1780 876 86,
1841 819 1870 863 6

355 907 828 979 παρεκελεύσαντο
867 908 941 957 καὶ
980 904 1201 966 ἔλεξαν,
1241 903 1335 950 VII
1378 906 1459 961 60,
1494 916 1519 962 5
1561 893 1875 968 παρεκελεῦ’

360 1014 489 1044 σατο
528 1020 596 1026 —
635 994 710 1040 καὶ
761 987 936 1049 ἔλεξε,
979 990 1059 1047 65,
1105 1002 1128 1032 2
1170 980 1654 1051 παρεκελεῦσαντο
1693 1009 1761 1014 --
1800 982 1875 1028 καὶ

360 1071 583 1134 ἔλεξαν,
625 1087 755 1134 quae
792 1070 866 1118 vis
907 1067 1074 1116 aoristi
1113 1065 1440 1114 accelerativa
1480 1063 1611 1112 clare
1641 1061 1801 1111 elucet
1829 1060 1876 1106 in

359 1154 472 1202 loco
522 1153 591 1201 IV
645 1167 755 1213 125,
810 1167 841 1212 4
889 1154 964 1201 καὶ
1013 1151 1107 1216 πρὶν
1156 1146 1255 1208 τοὺς
1300 1151 1526 1214 πολεμίους
1577 1142 1706 1213 ἐγγὺς
1756 1141 1878 1201 εἶναι,

363 1239 429 1296 ὡς
468 1231 561 1286 διὰ
599 1233 812 1303 ταχέων
844 1227 1279 1301 παρεκελεύσατο
1310 1234 1397 1289 τοῖς
1429 1225 1706 1296 στρατιώταις
1738 1221 1882 1275 τοιοίδε

363 1317 393 1365 i.
428 1334 470 1364 e.
512 1315 796 1379 „quomodo
827 1314 875 1361 in
904 1331 956 1361 re
983 1312 1177 1376 trepida
1197 1310 1329 1358 licuit
1349 1310 1635 1358 cohortatus
1656 1318 1731 1355 est
1752 1303 1880 1354 etc.''

440 1398 593 1446 Verbi
633 1402 927 1466 παραινεῖν
974 1393 1300 1456 „cohortari”‚
1348 1390 1639 1450 ‚‚suadere”,
1679 1397 1883 1453 propter

366 1480 468 1528 vim
524 1479 631 1543 ejus
686 1477 1080 1541 exspectativam
1137 1475 1334 1538 saepius
1385 1474 1491 1536 (16)
1542 1470 1884 1534 imperfectum

370 1561 600 1621 occurrit3
635 1559 802 1608 aoristi
833 1559 1125 1606 indicativus
1156 1556 1232 1604 bis
1262 1565 1455 1603 tanturn
1485 1553 1691 1617 legitur:
1727 1550 1885 1599 altero

370 1643 479 1692 loco
520 1643 583 1705 (II
627 1659 706 1700 21,
751 1657 776 1702 3
818 1637 875 1691 ὧν
914 1639 1187 1708 παρῄνεσε
1225 1637 1424 1705 πρέτερον
1464 1635 1701 1702 ἐμέμνηντο
1742 1630 1886 1696 οὐδέν)

371 1723 732 1788 significatione
769 1721 1006 1786 plqpfecti
1040 1720 1202 1768 Latini
1222 1718 1473 1782 praeditus
1494 1714 1880 1779 („monuerat’'),

373 1806 531 1855 altero
579 1805 643 1867 <V
694 1808 775 1864 69,
832 1805 878 1866 2)
931 1812 1045 1866 post
1093 1800 1304 1849 relatam
1352 1798 1628 1847 orationem
1678 1797 1726 1845 vi
1778 1813 1889 1844 eon·

374 1887 556 1935 stativa
606 1885 853 1933 adhibitus
901 1894 1002 1931 est:
1043 1889 1129 1943 τοῑς
1165 1881 1244 1950 μὲν
1282 1878 1480 1950 Ἀργείοις
1518 1883 1593 1929 καὶ
1633 1875 1891 1946 ξυμμάχοις

374 1974 552 2020 τοιαῦτα
591 1966 894 2038 παρῃνέθη.

452 2050 604 2097 Porro
642 2049 737 2095 huc
774 2046 1033 2094 referenda
1071 2056 1184 2093 sunt
1226 2061 1288 2093 ea
1326 2044 1482 2091 verba
1521 2042 1699 2105 quibus
1737 2039 1893 2088 invi·

378 2130 547 2179 tandi
611 2129 748 2177 notio
798 2129 951 2176 inest:
1001 2129 1408 2186 ἐπικαλεῖσθαι,
1470 2126 1893 2193 προκαλεῖσθαι,

378 2216 750 2280 παρακαλεῖν,
792 2227 1002 2274 quorum
1032 2208 1202 2257 formis
1232 2206 1554 2272 praesenticis
1584 2204 1893 2268 exspectatio

381 2293 699 2358 significatur.

453 2374 606 2422 Verbi
653 2375 1030 2424 ἐπικαλεῖσθαι
1081 2371 1269 2434 (med),
1318 2371 1411 2432 „ad
1448 2387 1502 2417 se
1540 2367 1774 2427 voeare”‚
1822 2366 1898 2425 „in

385 2455 617 2505 auxilium
667 2453 901 2513 vocare'',
954 2452 1116 2516 plures
1167 2452 1510 2516 praesenticae
1561 2467 1710 2514 quam
1749 2449 1898 2497 aoris-

385 2538 511 2585 tieae
572 2537 763 2584 formae
817 2535 1145 2582 inveniuntur.
1205 2533 1500 2596 Plerumque
1557 2531 1900 2595 imperfectum

387 2637 497 2667 cum
532 2617 731 2665 alterius
762 2616 901 2663 verbi
921 2615 1213 2678 imperfecto
1235 2615 1551 2679 conjunctum
1574 2611 1796 2660 occurrit.
1821 2611 1902 2658 Bis

389 2701 641 2751 ἐκέλευον
693 2697 937 2761 sequitur:
992 2696 1011 2742 I
1069 2711 1179 2755 101,
1237 2712 1254 2743 1
1304 2693 1456 2747 Θάσιοι
1495 2693 1542 2744 δὲ
1579 2722 1646 2729 -—
1684 2694 1904 2744 Λακεδαι-

389 2786 565 2849 μονίους
607 2782 976 2830 ἐπεκαλοῦντο
1015 2781 1089 2827 καὶ
1120 2778 1337 2844 ἐπαμῦναι
1371 2774 1655 2835 ἐκέλευον,
1686 2773 1904 2822 similiter

394 2861 463 2909 IV
495 2864 625 2922 48,1
653 2857 750 2920 τοῦς
770 2881 810 2910 τε
844 2856 1094 2918 ’Λθηναίους
1134 2859 1501 2909 ἐπεκαλοῦντο
1540 2860 1613 2907 καὶ
1653 2855 1905 2907 ἐκέλευον
