2119 3342
1074 196 1138 244 70

347 333 494 392 fecto,
545 346 706 393 aeque
751 345 808 376 ac
847 324 1146 390 imperfectis
1185 339 1315 387 quae
1352 320 1585 385 leguntur
1623 338 1662 367 c.
1704 335 1788 380 44,
1836 334 1852 364 1

347 414 554 465 διέπλει
593 421 644 460 et
681 409 1070 477 ξυνδιέβαλλε,
1123 405 1464 453 describuntur
1514 401 1685 449 variae
1730 398 1861 447 dein-

347 512 464 558 ceps
504 494 757 557 copiarum
797 501 965 555 partes
1003 489 1050 536 in
1090 486 1303 535 Siciliam
1341 484 1637 533 traicientes,

418 576 512 623 VII
557 592 579 623 2
591 591 636 636 3,
680 590 706 635 3
747 576 792 624 αἱ
829 569 915 640 ’γὰρ
951 581 1033 621 τῶν
1072 572 1344 639 Συρακοσίων
1383 595 1450 602 ——
1489 574 1585 625 νῆες
1625 592 1692 599 --
1724 560 1864 613 οὐδενὶ

349 658 497 726 κόσμῳ
544 657 822 708 ἐσέπλεον;
865 668 1172 717 quamquam
1211 650 1419 698 verbum
1458 649 1678 699 ἐσπλεῖν
1717 645 1864 692 aoris-

349 749 470 798 tum‚
511 748 564 785 ut
601 738 670 785 ita
708 736 885 792 dicam,
926 732 1142 797 praefert
1175 730 1464 794 imperfecto
1485 729 1536 792 1)‚
1570 738 1738 775 tamen
1771 725 1866 773 hoc

350 821 458 869 loco
511 818 856 882 imperfectum
907 824 1170 878 usurpatur
1222 812 1285 860 ad
1328 828 1484 860 naves
1523 807 1656 857 nullo
1696 806 1868 856 ordine

350 911 549 966 portum
586 901 827 947 intrantes
865 895 1231 945 describendas.

427 996 507 1044 75,
556 998 573 1029 1
617 985 645 1037 ἡ
680 980 916 1040 οἷνοίστασις
946 978 1033 1036 ἤδη
1066 983 1140 1027 τοῦ
1167 972 1486 1044 στρατεύματος
1507 1002 1575 1008 —-
1596 974 1866 1040 ε”γίγνετοῖ

353 1064 594 1112 exercitus
663 1061 903 1126 profectio
971 1058 1114 1107 nobis
1180 1065 1598 1121 repraesentatur,
1665 1053 1872 1117 ejusque

354 1155 609 1193 momenta
659 1141 854 1207 singula
905 1141 953 1188 in
1004 1140 1060 1187 iis
1110 1156 1241 1202 quae
1288 1147 1560 1201 sequuntur
1603 1134 1753 1183 fusius
1792 1135 1871 1181 de-

355 1227 656 1286 scribuntur3
691 1224 871 1272 eodem
904 1222 1056 1270 modo
1086 1219 1428 1284 imperfectum
1461 1219 1706 1286 ἐγίγνετο
1741 1215 1873 1264 adhi-

358 1310 513 1357 bitum
554 1318 629 1356 est
666 1307 736 1354 VI
780 1321 859 1367 30,
909 1321 948 1352 1.

427 1391 491 1439 ib.
542 1391 571 1453 ξ
609 1404 634 1452 7
685 1387 745 1449 οἷς
795 1416 863 1422 -
902 1386 1061 1454 ξυνέβη
1102 1413 1170 1419 --
1209 1383 1307 1435 οἷντί
1355 1380 1486 1450 εὐχῆς
1536 1382 1614 1431 και1
1660 1377 1873 1440 παιοίνων,

356 1469 447 1540 μεθ’
479 1468 536 1522 ὧν
571 1471 843 1532 ἐξέπλεον,
876 1465 1006 1519 ποίλιν
1029 1464 1188 1516 τούτων
1208 1471 1294 1524 τοῖς
1316 1466 1518 1523 ἐναντίοις
1538 1463 1874 1529 ἐπιφημίσμασιν

358 1554 663 1621 ἅφορμοῖσθαι;
723 1567 811 1615 pro
869 1548 1158 1612 imperfecto
1217 1546 1454 1594 aoristum
1511 1553 1876 1607 exspectamus,

362 1635 478 1698 quia
529 1634 705 1682 Latine
749 1631 1057 1695 plqpfectum
1098 1627 1435 1677 adhibendum
1474 1626 1600 1673 foret
1645 1623 1879 1687 „profecti

360 1715 562 1776 erant''3
630 1725 800 1762 tamen
866 1710 1207 1775 imperfectum
1275 1718 1564 1771 usurpatum
1631 1716 1721 1766 est,
1779 1722 1879 1769 quo

361 1797 534 1845 animis
584 1795 823 1843 lectorum
865 1794 970 1856 ipsa
1008 1790 1249 1855 profectio
1289 1788 1569 1853 magnifica,
1610 1804 1740 1851 quae
1777 1797 1880 1835 tam

361 1877 491 1926 male
530 1886 765 1936 verterat,
806 1882 1278 1937 repraesentaretur.

431 1960 549 2006 VIII
604 1975 686 2020 94,
741 1974 766 2019 3
822 1958 896 2007 καὶ
948 1958 985 2006 οἱ
1032 1954 1110 2022 μὲν
1162 1957 1202 2014 ἐς
1251 1950 1329 2013 τὰς
1368 1950 1589 2020 παρούσας
1626 1956 1734 2011 ναῦς
1772 1949 1882 2001 ε’σέ-

348 2046 583 2110 βαινον,
635 2042 673 2090 οἱ
723 2038 770 2089 δὲ
818 2035 962 2097 ἄλλας
1012 2039 1337 2094 καθεῖλκον,
1376 2036 1414 2084 οἱ
1462 2033 1518 2084 δέ
1560 2052 1667 2092 τινες
1717 2033 1781 2083 ε’πὶ
1829 2028 1883 2081 τὰ

361 2127 481 2191 τείχη
534 2151 601 2157 -
651 2120 1065 2188 παρεβοήθουνῑ
1133 2115 1432 2180 imperfectis
1498 2114 1631 2162 cives
1689 2113 1884 2161 diversa

364 2220 569 2251 munera
608 2201 750 2250 simul
790 2201 1033 2249 obeuntes
1072 2198 1238 2246 vivide
1277 2197 1624 2260 depinguntur.

435 2284 589 2332 Verbi
620 2281 839 2334 τάσσειν
873 2282 1081 2345 ejusque
1114 2279 1503 2341 compositorum
1525 2276 1883 2340 imperfectum,

366 2367 645 2428 ubicunque
683 2363 906 2422 occurrit,
942 2372 1016 2410 est
1049 2361 1415 2423 descriptivum.
1469 2358 1623 2406 Verbi
1656 2356 1886 2421 simplicis

367 2447 501 2510 impf.
545 2446 678 2493 hisce
717 2455 909 2492 tantum
949 2443 1068 2490 locis
1107 2442 1342 2490 occurrit:
1387 2441 1454 2487 III
1504 2452 1614 2501 107,
1661 2455 1686 2499 3
1728 2437 1887 2489 ε’τοίσ-

367 2549 524 2579 σοντο
558 2527 785 2595 ἀμφότεροι
815 2529 871 2585 ὡς
904 2527 944 2585 ἐς
973 2522 1154 2592 μοῖχηνῑ
1191 2523 1326 2586 impf.
1364 2522 1483 2570 aciei
1518 2520 1886 2568 instructionem

370 2610 513 2659 nobis
561 2617 930 2672 repraesentat3
975 2604 1191 2654 similiter
1231 2605 1298 2652 IV
1341 2621 1423 2666 93,
1475 2621 1491 2651 1
1538 2605 1580 2667 (ὁ
1619 2602 1887 2669 Παγώνδας)

369 2691 576 2743 ἔτασσέ
622 2712 662 2740 τε
713 2694 787 2740 καὶ
827 2685 1162 2757 παρεσκευάζετο
1202 2689 1259 2747 ὡς
1299 2688 1339 2747 ἐς
1375 2683 1560 2754 μάχην,
1599 2683 1691 2730 VII
1735 2695 1814 2745 74,
1860 2698 1883 2728 2

426 2875 460 2918 1)
486 2876 528 2906 de
555 2885 623 2916 qua
648 2884 684 2905 re
710 2874 865 2915 pluribus
892 2872 980 2903 infra
1005 2870 1022 2913 ξ
1049 2879 1104 2910 24.
