2119 3342
1085 196 1150 252 96

360 335 491 399 cisci)
538 334 752 403 α’ναίρεσιν
799 340 885 393 τοῖς
923 340 1097 401 νεκροῖς,
1137 331 1347 401 μαθόντες
1386 331 1433 383 δὲ
1469 332 1516 382 τὸ
1556 331 1712 392 οἷληθές
1745 330 1793 394 (i.
1827 347 1870 379 e.

360 435 447 465 eos
482 434 607 480 quos
640 415 876 463 cecidisse
906 415 1218 462 crediderant
1247 431 1299 461 re
1326 431 1445 462 vera
1473 409 1877 476 effugisse)s'7toc13-

358 519 487 550 σαντο
539 496 761 560 (consilio
816 496 1097 560 paciscendi
1150 496 1491 559 destiterunt);
1544 495 1722 541 eodem
1775 493 1877 541 fere

360 579 512 627 modo
535 579 603 626 IV
626 595 707 638 99,
739 595 755 625 1
788 575 879 628 οὐδ’
899 569 954 628 αὖ
991 578 1312 629 ἐσπένδοντο
1347 579 1474 632 δῆθεν
1496 575 1595 643 ὑπὲρ
1615 584 1690 635 τῆς
1711 576 1879 625 ἐκείνων

368 677 559 723 „neque
625 677 745 707 vero
813 657 1077 706 verisimile
1147 658 1409 706 videbatur
1477 674 1566 705 eos
1629 665 1877 720 pactum

359 742 565 789 facere
604 757 828 804 cupere
868 741 930 787 de
968 757 1057 787 sua
1096 740 1314 803 ipsorum
1354 736 1721 803 possessione''.

431 823 530 885 (De
569 821 868 885 imperfectis
910 818 1185 887 [ἐσπένδοντο]
1228 837 1358 883 quae
1387 819 1619 883 leguntur
1652 818 1722 865 IV
1764 834 1875 878 119,

363 919 387 950 2
431 913 479 951 et
518 903 563 949 V
611 919 684 962 19,
730 918 754 949 2
797 902 857 950 cf.
898 918 1047 965 supra
1085 903 1115 964 ξ
1158 918 1182 962 3
1225 919 1272 965 p.
1321 902 1420 964 77.)

431 985 495 1031 III
544 986 655 1044 108,
703 1001 720 1031 Ι
770 987 827 1043 ὡς
874 981 915 1034 δ’
965 985 1006 1033 ἐν
1056 984 1203 1051 χερσίν
1252 982 1338 1040 ι’ἡδη
1390 981 1503 1042 ’ὄντες
1551 981 1770 1049 περιέσχον
1819 990 1878 1051 τῷ

359 1065 462 1133 κέρα
518 1068 556 1116 οἱ
612 1065 943 1120 Πελοποννήσιοι
1002 1069 1076 1114 καὶ
1129 1066 1461 1115 ἐκυκλοῦντο
1513 1063 1561 1113 τὸ
1607 1063 1751 1124 δεξιον
1796 1072 1879 1113 τῶν

360 1148 573 1206 ἐναντίων,
628 1146 763 1210 quod
813 1145 947 1208 impf.
997 1145 1067 1194 St.
1111 1155 1243 1192 recte
1281 1145 1634 1208 interpretatur
1678 1143 1771 1201 „da
1809 1143 1879 1190 sie

360 1228 513 1276 sehon
554 1228 618 1275 im
671 1227 886 1291 Begriffe
946 1244 1123 1286 waren,
1182 1227 1278 1274 den
1336 1226 1537 1273 rechten
1586 1224 1880 1272 feindliehen

363 1309 541 1374 Flugel
587 1328 645 1357 zu
692 1307 1038 1372 umzingeln‘';
1091 1307 1309 1356 similiter
1359 1308 1405 1354 V
1461 1320 1540 1369 73,
1609 1323 1625 1354 1
1688 1328 1879 1374 παρερ-

360 1393 634 1460 ρήγνυντο
675 1391 740 1454 (in
771 1407 831 1438 eo
866 1401 972 1438 erat
1020 1400 1072 1438 ut
1106 1407 1135 1437 a
1173 1389 1362 1453 reliquo
1402 1388 1618 1437 exercitu
1658 1386 1880 1435 interclu-

362 1473 612 1536 derentur)
657 1472 743 1530 ἤδη
791 1468 889 1539 ἅμα
937 1501 1005 1506 --
1045 1476 1119 1522 καὶ
1171 1467 1270 1538 ἅμα
1319 1470 1365 1520 τὸ
1417 1470 1557 1530 δεξιὸν
1607 1479 1689 1520 τῶν
1737 1475 1880 1519 Λακε-

362 1556 597 1622 δαιμονίων
654 1558 728 1608 κοιὶ
786 1563 1001 1620 Τεγεατῶν
1058 1554 1357 1603 ἐκυκλοῦτο
1415 1551 1880 1614 (circumventurum

363 1636 488 1698 erat)
526 1645 584 1706 τῷ
623 1633 855 1704 περιέχοντι
895 1644 1007 1701 σφῶν
1046 1631 1144 1694 τοὺς
1185 1631 1435 1692 Ἅθηναίους
1474 1637 1571 1683 κτλ.

436 1717 506 1764 IV
555 1732 630 1776 14,
676 1732 699 1763 2
738 1711 765 1764 ἃ
798 1720 976 1783 ὁρῶντες
1009 1717 1046 1765 οἱ
1078 1713 1420 1782 Λακεδαιμόνιοι
1452 1717 1526 1764 καὶ
1559 1716 1882 1783 περιαλγοῦντες

364 1808 422 1869 τῷ
460 1796 598 1858 πάθει,
639 1797 776 1866 ὅτιπερ
818 1794 958 1847 αὐτῶν
989 1799 1027 1847 οἱ
1057 1793 1210 1864 ἄνδρες
1250 1794 1718 1863 ἀπελαμβάνοντο
1757 1795 1798 1844 ἐν
1830 1803 1884 1864 τῇ

364 1881 480 1947 νήσῳ
532 1884 627 1930 κτλ.
677 1879 706 1926 i.
739 1896 781 1926 e.
836 1876 1044 1926 moleste
1096 1877 1326 1936 ferentes,
1368 1876 1503 1941 quod
1536 1876 1641 1940 jam
1675 1876 1883 1940 jamque

365 1961 580 2009 futurum
632 1970 740 2009 erat
786 1970 839 2007 ut
889 1960 961 2007 Sui
1012 1958 1455 2008 intereluderentur
1500 1968 1591 2006 ete.
1633 1957 1880 2020 (homines

365 2060 474 2090 esse
524 2041 813 2090 interclusos
863 2040 1103 2089 indicatur
1152 2040 1395 2103 perfecto:
1447 2041 1477 2102 ξ
1520 2054 1544 2101 5
1585 2049 1668 2089 τῶν
1709 2038 1882 2106 οἷνδρῶν

368 2123 735 2192 ἀπειλημμένων).

441 2208 520 2265 28,
547 2222 572 2266 3
596 2195 718 2264 αὖθις
739 2203 785 2254 δὲ
805 2209 829 2253 ὁ
849 2207 1006 2264 Νικίας
1027 2203 1189 2254 ἐκέλευε
1211 2207 1286 2253 καὶ
1314 2204 1552 2263 ἐξίστατο
1577 2211 1654 2262 τῆς
1675 2203 1736 2252 ἐπὶ
1752 2197 1883 2268 Πύλῳ

366 2286 508 2355 οἷρχῆς
527 2306 535 2334 ;
570 2303 622 2334 56
644 2295 872 2350 paratum
894 2284 1120 2348 praebuit
1141 2284 1205 2331 ad
1226 2294 1509 2347 praeturam
1533 2281 1880 2331 abdicandam.

436 2367 483 2414 V
535 2370 614 2426 28,
671 2383 694 2414 2
736 2369 774 2417 οἱ
810 2365 887 2434 μὲν
927 2357 1002 2416 οὖν
1043 2363 1217 2433 Ἀργεῖοι
1255 2363 1386 2425 οὕτως
1424 2366 1464 2425 ἐς
1499 2364 1578 2421 τὴν
1617 2367 1883 2431 ξυμμαχίαν

365 2449 766 2518 προσεδέχοντο
816 2445 913 2507 τοὺς
965 2447 1187 2507 ἐθέλοντας
1233 2456 1316 2496 τῶν
1364 2444 1614 2501 ‘En-simu:
1655 2444 1884 2492 omnibus

368 2530 645 2579 civitatibus
684 2529 889 2577 Graecis
936 2537 1316 2592 potestatem
1362 2526 1646 2574 fecerunt
1697 2524 1884 2573 socie-

368 2623 559 2661 tatem
628 2629 831 2659 secum
901 2609 1345 2674 conjungendi3
1413 2607 1487 2656 Cl.
1558 2606 1692 2670 impf.
1752 2615 1885 2654 recte

369 2694 515 2742 vertit
573 2710 763 2754 „waren
811 2692 968 2740 bereit
1019 2690 1353 2738 zuzulassen''.
1409 2689 1504 2753 (Cf.
1556 2698 1728 2736 contra
1778 2704 1880 2735 aor.

369 2793 412 2824 e.
446 2792 495 2838 g.
519 2775 539 2821 Ι
563 2789 645 2836 45,
676 2791 692 2822 1
721 2777 759 2825 οἱ
778 2770 992 2832 Ἀθηναῖοι
1013 2770 1111 2833 τοὺς
1133 2774 1418 2841 Κερκυραίους
1447 2768 1883 2839 προσεδέξαντο;

379 2856 566 2918 „socios
605 2853 953 2917 asciverunt’'.)
