2119 3342
884 221 945 270 73

159 363 263 400 tum
284 351 562 415 significare
584 349 703 409 vult,
737 350 824 398 sed
857 349 1015 413 ipsam
1047 350 1293 397 actionem
1327 358 1534 396 eventus
1563 346 1672 394 rati-

160 449 256 480 one
302 449 401 479 non
453 432 622 479 habita
672 431 946 493 exprimere
996 430 1162 477 studet
1183 431 1230 493 1).
1276 429 1389 476 Huc
1427 428 1675 492 pertinent

159 514 207 561 hi
245 512 365 562 loci:

231 596 273 642 ΙΙ
329 610 408 657 71,
465 610 487 640 2
543 599 802 653 Παυσανιας
839 622 908 628 —-
947 589 1080 652 θύσας
1129 589 1216 660 ἱερα
1268 613 1343 642 και
1396 590 1673 658 ξυγκαλεσοις

158 675 324 735 ποῖντας
366 673 464 735 τοὺς
511 672 777 742 ξυμμάχους
825 674 1091 726 οἷπεὸίδου
1141 678 1416 729 Πλαταιεῦσι,
1467 680 1548 739 γῆν
1598 675 1673 721 καὶ

158 758 279 809 πόλιν
326 777 404 812 την
451 777 523 823 σφε
526 777 648 824 τεραν
697 754 879 824 ἔχοντας
930 753 1196 823 αυτονέμους
1247 758 1371 805 οἰκεῖν
1418 758 1530 813 κτλ.,
1574 770 1673 816 quo

158 838 268 887 1000
301 838 534 901 Steupius
567 848 798 885 annotat:
842 836 1074 898 πα’πτεὸίᾶου
1110 836 1354 899 Imperf.
1391 836 1498 883 der
1534 834 1675 882 dau-

160 920 386 968 ernden
429 919 896 981 Fortwirkung,
932 919 1024 966 wie
1053 919 1122 966 sie
1152 918 1279 965 auch
1309 918 1374 964 im
1405 917 1486 964 inf.
1511 933 1670 980 praes.

159 1005 285 1052 οἰκεῖν
319 1000 721 1064 ausgesprochen
755 1000 865 1047 ist”.
902 1000 1146 1048 Infinitivo
1181 999 1454 1063 praesentis
1475 1001 1600 1048 οἰκεῖν
1622 1014 1675 1044 re

158 1099 279 1130 vera
329 1082 545 1129 conditio
584 1082 871 1130 continuata
909 1081 1213 1145 significatur
1253 1081 1403 1144 (infin.
1446 1097 1549 1127 aor.
1592 1079 1674 1142 qui

160 1163 381 1227 sequitur
411 1169 660 1232 στρατεῦσαι
694 1164 995 1227 ingressivus
1029 1174 1118 1223 est,
1154 1164 1276 1210 sicut
1308 1162 1505 1225 saepius
1537 1160 1675 1208 verbi

160 1242 394 1313 στρατεύειν
428 1245 619 1293 formae
657 1245 917 1293 aoristicae
956 1245 1055 1292 vim
1095 1243 1421 1308 ingressivam
1460 1242 1672 1289 habent:

168 1326 561 1390 „expeditionem
595 1326 781 1390 inire'').
820 1326 972 1388 Quod
1006 1336 1174 1373 autem
1207 1324 1272 1372 ad
1309 1324 1444 1387 impf.
1468 1323 1673 1373 οἷπεὸίδου

162 1408 352 1466 attinet,
388 1407 483 1455 hoc
518 1408 716 1471 quidem
750 1418 883 1455 recte
917 1408 1068 1455 sensit
1101 1425 1147 1455 v.
1166 1425 1206 1454 0.
1243 1406 1475 1468 Steupius
1504 1414 1674 1451 nostro

160 1487 271 1536 loco
304 1507 394 1552 pro
428 1490 718 1553 imperfecto
752 1489 957 1540 οἷπεὸίδου
989 1488 1229 1551 („verlieh
1271 1488 1349 1535 die
1388 1486 1676 1550 Vergijnsti—

162 1570 422 1634 gungen”)
473 1571 709 1618 aoristum
749 1570 912 1634 potius
950 1570 1215 1633 expectari,
1258 1569 1373 1632 quia
1413 1569 1574 1631 agitur
1613 1567 1676 1614 de

162 1652 412 1699 beneficiis
445 1663 580 1700 certo
614 1653 852 1716 temporis
882 1662 1138 1700 momento
1169 1652 1215 1698 in
1241 1650 1560 1698 Plataeenses
1581 1647 1677 1695 col-

163 1731 288 1780 latis,
342 1733 443 1781 Sed
494 1734 542 1780 id
591 1734 726 1797 quod
764 1734 888 1781 haec
926 1733 1166 1781 beneficia
1205 1733 1251 1779 in
1292 1748 1439 1779 omne
1479 1741 1676 1792 tempus

163 1814 371 1862 fruenda
409 1815 528 1862 data
567 1826 694 1874 sunt,
736 1815 851 1862 mihi
892 1815 1092 1877 quidem
1133 1814 1196 1861 ad
1229 1812 1501 1876 imperfecti
1533 1828 1675 1858 usum

164 1896 364 1943 omnino
416 1895 531 1943 nihil
579 1897 743 1943 facere
781 1896 988 1944 videtur.
1031 1895 1144 1958 Ego
1184 1895 1349 1958 potius
1387 1893 1676 1957 imperfecto

163 1977 380 2039 graviter
412 1988 460 2025 et
489 1977 792 2025 sollemniter
823 1974 976 2040 (Θύσας
996 2006 1064 2011 -—
1086 1977 1364 2043 ξυγκαλέσας
1394 1977 1480 2038 —)
1509 1992 1538 2022 3
1573 1972 1676 2020 Pla-

164 2059 438 2106 taeensium
490 2058 668 2123 legatis
709 2059 979 2107 describi
1017 2059 1228 2106 arbitror
1267 2067 1455 2121 quanta
1494 2056 1609 2104 olim
1650 2072 1678 2102 3

166 2139 576 2188 Lacedaemoniis
609 2141 792 2188 civitati
826 2139 1190 2188 Plataeensium
1221 2140 1403 2187 tributa
1436 2139 1545 2194 sint,
1578 2154 1677 2200 quo

166 2222 327 2285 magis
374 2234 618 2285 appareat
664 2232 851 2286 quanta
888 2222 1062 2286 injuria
1100 2238 1228 2268 nunc
1266 2221 1329 2268 ab
1372 2219 1679 2267 Archidamo

167 2303 367 2366 suisque
424 2304 698 2351 afficiantur
750 2303 903 2366 (impf.
958 2304 1160 2366 descr.)3
1212 2303 1390 2350 eadem
1440 2318 1518 2349 res
1569 2317 1679 2347 cum

170 2385 451 2448 simpliciter
485 2396 802 2445 memoratur,
839 2385 1022 2433 aoristo
1056 2384 1359 2447 significatur
1393 2384 1441 2446 (ξ
1469 2384 1544 2446 3):
1577 2380 1681 2432 τάδε

167 2466 246 2534 μὲν
285 2470 390 2534 ἡμῖν
429 2468 600 2535 πατέρες
640 2470 678 2517 οἱ
716 2468 907 2535 ὑμέτεροι
946 2465 1150 2517 ἔδοσαν
1194 2471 1289 2516 κτλ.

242 2548 370 2596 Fere
416 2549 547 2596 idem
585 2547 720 2596 valet
757 2549 820 2596 de
857 2548 968 2596 1000
1009 2549 1074 2595 ΙΙΙ
1118 2550 1197 2609 58,
1242 2562 1265 2608 5
1310 2550 1566 2604 Παυσανίας
1603 2543 1681 2612 μὲν

222 2786 256 2829 1)
295 2786 348 2818 Cf.
382 2785 490 2818 Blass.
521 2784 581 2818 l.l.
613 2795 647 2826 p.
678 2782 746 2824 428
780 2783 929 2825 „—Und
958 2781 1217 2825 ferne1·‚wird
1246 2780 1319 2812 die
1349 2778 1595 2820 Handlung
1621 2777 1686 2809 als

173 2843 423 2884 Handlung
457 2842 749 2885 angeschaut,
782 2852 820 2873 so
855 2841 899 2872 ist
929 2841 1015 2872 auch
1049 2839 1147 2871 dasiir
1181 2839 1240 2870 das
1268 2839 1421 2879 Prasens,
1449 2837 1531 2869 bzw.
1560 2837 1688 2877 Imper-

174 2901 259 2944 fekt,
285 2901 340 2933 die
368 2900 505 2933 Form.’'

1589 2968 1606 3002 7
