2119 3342
882 181 941 226 61

162 330 357 386 τοῦντας,
408 318 791 390 οἷνεθοέρσησοίν
838 342 879 371 τε
931 319 996 372 ἂν
1044 323 1156 377 κτλ.,
1210 334 1311 382 quo
1346 315 1456 365 loco
1495 314 1675 364 aoristo

165 406 297 455 notio
349 404 617 469 ingressiva
670 400 785 470 [„ad
834 419 975 466 spem
1026 401 1185 449 redire
1221 396 1482 465 incipere'’]
1522 395 1675 460 expri-

165 488 322 547 mitur,
370 486 498 535 actio
549 494 716 533 autem
767 484 944 532 iterata
982 480 1223 547 particula
1261 478 1315 532 ἄν
1354 478 1676 544 designatur.)

239 583 318 631 54,
361 583 385 630 5
427 565 525 628 τοὺς
562 566 775 634 πολέμους
811 565 1054 634 διέφερον
1094 566 1168 615 καὶ
1210 564 1250 624 ἐς
1281 559 1336 613 τοὶ
1370 559 1458 630 ἱεροὶ
1491 559 1675 612 ἔθυονε

164 650 457 716 imperfectis
494 649 624 697 facta
667 647 1080 695 Pisistratidarum
1122 662 1210 709 per
1248 643 1518 708 tyrannidis
1558 652 1679 690 tem-

165 751 257 797 pus
288 732 484 796 saepius
521 728 732 793 repetita
769 728 1119 794 significantur.

237 832 318 876 99,
371 829 402 874 4
454 808 568 863 κατα
617 820 699 880 γῆν
756 808 796 862 δ’
844 812 891 861 ἐκ
940 819 1016 870 τῆς
1065 806 1218 878 Θοέψου
1271 810 1309 858 οἱ
1361 804 1574 865 Ἀθηναῖοι
1626 802 1680 856 τὰ

165 897 381 952 ἐπιτήδεια
443 895 739 962 ἐπήγοντοε
797 891 1066 940 identidem
1135 890 1398 954 petebant3
1464 886 1682 936 similiter

173 993 285 1039 103,
320 993 344 1024 2
376 973 429 1028 τα
450 973 490 1026 δ’
511 976 727 1031 ἐπιτήδεια
759 975 986 1041 ἐσῆγετο
1021 974 1067 1023 ἐκ
1087 981 1162 1032 τῆς
1186 969 1373 1031 Ἰταλίας
1392 969 1679 1038 πανταχόθεν.

244 1074 355 1120 103,
393 1073 419 1119 3
461 1061 535 1107 καὶ
557 1053 740 1124 κύρωσις
759 1054 836 1123 μὲν
858 1052 1040 1122 οὐδεμία
1072 1055 1343 1121 ἐγίγνετοτ
1379 1067 1682 1115 quamquam

167 1140 362 1204 saepius
400 1137 642 1202 colloquia
681 1137 1009 1196 habebantur,
1052 1134 1169 1183 nihil
1207 1134 1462 1183 decretum
1501 1143 1590 1182 est.

237 1222 330 1271 VII
365 1235 443 1283 25,
481 1224 510 1268 6
544 1237 653 1283 sqq.
677 1218 966 1267 describitur
999 1217 1421 1281 Syracusanorum
1454 1225 1504 1264 et
1531 1214 1682 1263 Athe-

168 1303 407 1353 niensium
454 1300 674 1350 velitatio
727 1301 773 1348 in
825 1310 970 1365 portu
1021 1299 1376 1363 Syracusarum
1427 1298 1587 1346 facta:
1638 1294 1683 1346 ἔκ

166 1408 208 1438 τε
257 1396 338 1436 τῶν
377 1382 552 1436 οἷκοῖτών
591 1381 780 1434 ὤνευον
820 1378 1191 1449 ἀναδούμενοι
1229 1378 1327 1440 τοὺς
1364 1377 1572 1448 σταυροὺς
1610 1382 1684 1429 καὶ

169 1467 416 1519 οἷνέκλων
468 1470 544 1517 καὶ
600 1467 1159 1532 κατακολυμβώντες
1215 1462 1484 1530 ἐξέπριον.
1543 1463 1582 1511 οἱ
1638 1459 1685 1510 δὲ

169 1548 418 1618 Συρακόσιοι
457 1577 524 1583 -—
567 1544 836 1616 ἔβαλλον·
888 1547 924 1596 οἱ
973 1543 1019 1595 δὲ
1059 1574 1126 1579 -
1165 1543 1545 1612 οἷντέβαλλονς
1585 1543 1614 1605 ἓ
1657 1554 1682 1604 7

171 1628 289 1683 οἷλλά
311 1635 385 1682 καὶ
416 1627 589 1689 τούτους
618 1631 894 1696 κολυμβηταὶ
926 1626 1186 1694 δυόμενοι
1224 1625 1469 1693 ἐξέπριον
1508 1627 1685 1692 μισθοῦς

172 1715 202 1777 ξ
237 1715 264 1761 8
306 1709 448 1763 πολλοὶ
486 1710 533 1762 δὲ
572 1714 646 1761 καὶ
686 1706 805 1760 ἄλλα
841 1709 946 1777 πρὸς
983 1707 1206 1767 οἷλλήλους
1236 1735 1303 1741 —-
1325 1707 1687 1774 ἐμηχανῶντο

172 1799 246 1846 καὶ
297 1793 634 1862 οἷκροβολισμοῖς
684 1792 758 1842 καὶ
809 1795 970 1858 πείραις
1017 1793 1238 1848 παντοίαις
1277 1789 1543 1856 ἐχρῶντο,
1585 1796 1688 1835 tam

173 1875 460 1939 imperfecta
500 1890 649 1938 quam
688 1872 944 1937 participia
983 1881 1096 1918 sunt
1132 1870 1374 1918 iterativa.

248 1957 365 2004 VIII
401 1960 481 2018 36,
520 1972 537 2003 Ι
578 1957 651 2006 καὶ
684 1952 769 2022 ’γὰρ
800 1954 950 2022 μισθὸς
988 1954 1205 2003 ἐδίδοτο
1245 1947 1511 2020 α’ρκοῦντως;
1552 1949 1686 2013 impf.

175 2040 238 2088 de
274 2038 521 2102 stipendio
561 2035 788 2084 militibus
827 2034 1097 2083 identidem
1137 2042 1409 2081 numerato.

245 2120 363 2168 VIII
425 2123 505 2181 56,
561 2135 585 2165 2
640 2116 832 2186 καθάπερ
882 2119 956 2167 καὶ
1003 2113 1071 2167 ὑπ’
1126 2117 1280 2166 ἐκείνου
1333 2111 1687 2166 ἐδιδάσκετοῑ

178 2203 314 2267 quod
351 2202 395 2250 ei
433 2199 701 2249 identidem
741 2197 1025 2247 Alcibiades
1064 2196 1322 2246 suadebat.

252 2288 332 2346 65,
382 2300 398 2331 1
445 2285 483 2334 οἱ
520 2281 567 2333 δὲ
606 2281 716 2350 α’μφὶ
754 2281 826 2331 τὸν
866 2282 1130 2348 Πείσανδρον
1168 2275 1691 2346 παραπλέοντες-τοὺς

127 2404 131 2409 -
178 2367 349 2434 δήμους
387 2367 428 2415 ἐν
467 2370 561 2424 ταῖς
598 2363 741 2414 πόλεσι
780 2362 1077 2413 κατε’λυον;
1118 2360 1255 2424 impf.
1296 2358 1493 2422 respicit
1529 2358 1692 2406 varias

179 2447 403 2496 civitates
451 2446 497 2493 in
551 2445 727 2508 quibus
771 2443 918 2491 factio
958 2441 1210 2506 popularis
1248 2457 1423 2489 eversa
1462 2450 1551 2488 est.
1593 2440 1687 2504 (Cf.

180 2539 351 2577 contra
401 2544 503 2575 aor.
544 2526 607 2573 de
645 2542 743 2573 una
781 2524 1004 2573 civitate:
1048 2528 1128 2585 64,
1175 2540 1198 2571 2
1241 2522 1497 2590 ἐφικόμενος
1535 2525 1577 2582 ἐς
1613 2521 1691 2578 τὴν

182 2607 328 2664 Θοῖσον
366 2610 439 2660 τὸν
480 2611 622 2677 δῆμον
663 2607 966 2659 κατέλυσεν
1007 2616 1056 2655 et
1092 2605 1137 2653 V
1174 2606 1254 2662 81,
1299 2621 1322 2652 2
1360 2604 1431 2654 τὸν
1470 2602 1512 2654 ἐν
1545 2601 1691 2671 Ἄργει

182 2696 325 2760 δῆμον
364 2690 719 2752 κατέλυσαν.)

257 2773 402 2821 Nunc
434 2771 754 2820 tractabimus
786 2787 846 2818 ea
877 2769 1033 2818 verba
1067 2786 1277 2833 quorum
1305 2784 1420 2816 usus
1440 2766 1694 2815 iterativus

183 2855 315 2921 apud
353 2853 696 2918 Thucydidem
737 2851 1018 2917 praevalet:
