<?xml version="1.0" encoding="UTF-8"?>
<!DOCTYPE html PUBLIC "-//W3C//DTD XHTML 1.0 Transitional//EN"
    "http://www.w3.org/TR/xhtml1/DTD/xhtml1-transitional.dtd">
<html xmlns="http://www.w3.org/1999/xhtml" xml:lang="en" lang="en">
 <head>
  <title>
</title>
<meta http-equiv="Content-Type" content="text/html;charset=utf-8" />
  <meta name='ocr-system' content='tesseract 3.04.00' />
  <meta name='ocr-capabilities' content='ocr_page ocr_carea ocr_par ocr_line ocrx_word'/>
</head>
<body>
  <div class='ocr_page' id='page_1' title='image "./deimperfectietao00hilluoft_0022.png"; bbox 0 0 2119 3342; ppageno 0'>
   <div class='ocr_carea' id='block_1_1' title="bbox 1112 224 1142 269">
    <p class='ocr_par' dir='ltr' id='par_1_1' title="bbox 1112 224 1142 269">
     <span class='ocr_line' id='line_1_1' title="bbox 1112 224 1142 269; baseline 0 0"><span class='ocrx_word' id='word_1_1' title='bbox 1112 224 1142 269; x_wconf 89' lang='lat'><strong>6</strong></span> 
     </span>
    </p>
   </div>
   <div class='ocr_carea' id='block_1_2' title="bbox 353 361 1887 2462">
    <p class='ocr_par' dir='ltr' id='par_1_2' title="bbox 353 361 1875 595">
     <span class='ocr_line' id='line_1_2' title="bbox 353 361 1872 429; baseline -0.004 -16"><span class='ocrx_word' id='word_1_2' title='bbox 353 366 560 429; x_wconf 89' lang='lat' dir='ltr'>perfecti,</span> <span class='ocrx_word' id='word_1_3' title='bbox 583 365 755 424; x_wconf 84' lang='lat' dir='ltr'>aoristi,</span> <span class='ocrx_word' id='word_1_4' title='bbox 777 363 1220 428; x_wconf 86' lang='lat' dir='ltr'>plusquamperfecti</span> <span class='ocrx_word' id='word_1_5' title='bbox 1240 362 1501 410; x_wconf 78' lang='lat' dir='ltr'><strong>adhibetur.</strong></span> <span class='ocrx_word' id='word_1_6' title='bbox 1524 361 1632 409; x_wconf 91' lang='lat' dir='ltr'>Hoc</span> <span class='ocrx_word' id='word_1_7' title='bbox 1650 361 1688 408; x_wconf 91' lang='lat' dir='ltr'>si</span> <span class='ocrx_word' id='word_1_8' title='bbox 1706 377 1872 408; x_wconf 89' lang='lat' dir='ltr'>verum</span> 
     </span>
     <span class='ocr_line' id='line_1_3' title="bbox 354 441 1875 513; baseline -0.003 -19"><span class='ocrx_word' id='word_1_9' title='bbox 354 457 440 504; x_wconf 90' lang='lat' dir='ltr'>est,</span> <span class='ocrx_word' id='word_1_10' title='bbox 483 448 584 511; x_wconf 91' lang='lat' dir='ltr'>jam</span> <span class='ocrx_word' id='word_1_11' title='bbox 634 447 924 509; x_wconf 82' lang='lat' dir='ltr'>quaerimus:</span> <span class='ocrx_word' id='word_1_12' title='bbox 976 446 1086 513; x_wconf 81' lang='lat' dir='ltr'>quid</span> <span class='ocrx_word' id='word_1_13' title='bbox 1122 445 1312 493; x_wconf 86' lang='lat' dir='ltr'>interest</span> <span class='ocrx_word' id='word_1_14' title='bbox 1348 444 1464 491; x_wconf 91' lang='lat' dir='ltr'>inter</span> <span class='ocrx_word' id='word_1_15' title='bbox 1501 444 1675 491; x_wconf 89' lang='lat' dir='ltr'>formas</span> <span class='ocrx_word' id='word_1_16' title='bbox 1712 441 1875 506; x_wconf 89' lang='lat' dir='ltr'>quales</span> 
     </span>
     <span class='ocr_line' id='line_1_4' title="bbox 354 527 1145 595; baseline 0.001 -21"><span class='ocrx_word' id='word_1_17' title='bbox 354 538 460 575; x_wconf 87' lang='lat' dir='ltr'>sunt</span> <span class='ocrx_word' id='word_1_18' title='bbox 497 530 698 595; x_wconf 79' lang='grc' dir='ltr'><em>ἐγίγνετο,</em></span> <span class='ocrx_word' id='word_1_19' title='bbox 738 528 897 595; x_wconf 79' lang='grc' dir='ltr'><em>ἐγένετο</em></span> <span class='ocrx_word' id='word_1_20' title='bbox 936 527 1145 594; x_wconf 69' lang='grc' dir='ltr'><em>ἐγεγόνειὲ</em></span> 
     </span>
    </p>

    <p class='ocr_par' dir='ltr' id='par_1_3' title="bbox 355 605 1887 2462">
     <span class='ocr_line' id='line_1_5' title="bbox 424 605 1875 674; baseline -0.003 -18"><span class='ocrx_word' id='word_1_21' title='bbox 424 608 776 674; x_wconf 80' lang='lat' dir='ltr'>Significationis</span> <span class='ocrx_word' id='word_1_22' title='bbox 832 608 1075 655; x_wconf 74' lang='lat' dir='ltr'>discrimen</span> <span class='ocrx_word' id='word_1_23' title='bbox 1131 608 1328 655; x_wconf 89' lang='lat' dir='ltr'>subesse</span> <span class='ocrx_word' id='word_1_24' title='bbox 1383 607 1554 666; x_wconf 78' lang='lat' dir='ltr'>debet3</span> <span class='ocrx_word' id='word_1_25' title='bbox 1608 605 1740 669; x_wconf 90' lang='lat' dir='ltr'>quod</span> <span class='ocrx_word' id='word_1_26' title='bbox 1788 605 1875 651; x_wconf 90' lang='lat' dir='ltr'>dis-</span> 
     </span>
     <span class='ocr_line' id='line_1_6' title="bbox 360 686 1877 753; baseline -0.003 -16"><span class='ocrx_word' id='word_1_27' title='bbox 360 691 532 737; x_wconf 89' lang='lat' dir='ltr'>crimen</span> <span class='ocrx_word' id='word_1_28' title='bbox 576 707 681 737; x_wconf 90' lang='lat' dir='ltr'>cum</span> <span class='ocrx_word' id='word_1_29' title='bbox 719 690 950 753; x_wconf 90' lang='lat' dir='ltr'>pertinere</span> <span class='ocrx_word' id='word_1_30' title='bbox 989 706 1082 736; x_wconf 90' lang='lat' dir='ltr'>non</span> <span class='ocrx_word' id='word_1_31' title='bbox 1119 689 1268 752; x_wconf 83' lang='lat' dir='ltr'>possit</span> <span class='ocrx_word' id='word_1_32' title='bbox 1305 688 1368 735; x_wconf 91' lang='lat' dir='ltr'>ad</span> <span class='ocrx_word' id='word_1_33' title='bbox 1405 698 1648 751; x_wconf 89' lang='lat' dir='ltr'>tempus</span> <span class='ocrx_word' id='word_1_34' title='bbox 1686 686 1877 735; x_wconf 90' lang='lat' dir='ltr'>actionis</span> 
     </span>
     <span class='ocr_line' id='line_1_7' title="bbox 356 767 1877 834; baseline -0.002 -17"><span class='ocrx_word' id='word_1_35' title='bbox 356 771 518 834; x_wconf 85' lang='lat' dir='ltr'>(tribus</span> <span class='ocrx_word' id='word_1_36' title='bbox 568 772 690 819; x_wconf 88' lang='lat' dir='ltr'>enim</span> <span class='ocrx_word' id='word_1_37' title='bbox 728 770 809 818; x_wconf 90' lang='lat' dir='ltr'>illis</span> <span class='ocrx_word' id='word_1_38' title='bbox 847 770 1004 818; x_wconf 88' lang='lat' dir='ltr'>formis</span> <span class='ocrx_word' id='word_1_39' title='bbox 1041 770 1174 817; x_wconf 88' lang='lat' dir='ltr'>verbi</span> <span class='ocrx_word' id='word_1_40' title='bbox 1210 769 1331 816; x_wconf 92' lang='lat' dir='ltr'>actio</span> <span class='ocrx_word' id='word_1_41' title='bbox 1368 779 1586 832; x_wconf 89' lang='lat' dir='ltr'>tempore</span> <span class='ocrx_word' id='word_1_42' title='bbox 1623 767 1877 832; x_wconf 90' lang='lat' dir='ltr'>praeterito</span> 
     </span>
     <span class='ocr_line' id='line_1_8' title="bbox 356 849 1878 917; baseline -0.003 -17"><span class='ocrx_word' id='word_1_43' title='bbox 356 853 578 916; x_wconf 81' lang='lat' dir='ltr'>ponitur),</span> <span class='ocrx_word' id='word_1_44' title='bbox 624 853 724 917; x_wconf 91' lang='lat' dir='ltr'>jam</span> <span class='ocrx_word' id='word_1_45' title='bbox 771 852 980 915; x_wconf 88' lang='lat' dir='ltr'>sequitur</span> <span class='ocrx_word' id='word_1_46' title='bbox 1017 851 1217 899; x_wconf 89' lang='lat' dir='ltr'>variis</span> <span class='ocrx_word' id='word_1_47' title='bbox 1254 849 1385 897; x_wconf 90' lang='lat' dir='ltr'>illis</span> <span class='ocrx_word' id='word_1_48' title='bbox 1422 850 1635 898; x_wconf 89' lang='lat' dir='ltr'>formis</span> <span class='ocrx_word' id='word_1_49' title='bbox 1672 849 1878 897; x_wconf 89' lang='lat' dir='ltr'>varias</span> 
     </span>
     <span class='ocr_line' id='line_1_9' title="bbox 355 931 1873 996; baseline -0.002 -16"><span class='ocrx_word' id='word_1_50' title='bbox 355 933 539 996; x_wconf 88' lang='lat' dir='ltr'>ipsius</span> <span class='ocrx_word' id='word_1_51' title='bbox 571 933 832 980; x_wconf 90' lang='lat' dir='ltr'>actionis</span> <span class='ocrx_word' id='word_1_52' title='bbox 864 932 1266 980; x_wconf 87' lang='lat' dir='ltr'>conditiones</span> <span class='ocrx_word' id='word_1_53' title='bbox 1291 931 1617 996; x_wconf 82' lang='lat' dir='ltr'>significari</span> <span class='ocrx_word' id='word_1_54' title='bbox 1643 931 1873 978; x_wconf 86' lang='lat' dir='ltr'>debere.</span> 
     </span>
     <span class='ocr_line' id='line_1_10' title="bbox 356 1012 1877 1080; baseline 0 -19"><span class='ocrx_word' id='word_1_55' title='bbox 356 1014 501 1061; x_wconf 88' lang='lat' dir='ltr'>Porro</span> <span class='ocrx_word' id='word_1_56' title='bbox 550 1013 691 1077; x_wconf 90' lang='lat' dir='ltr'>liquet</span> <span class='ocrx_word' id='word_1_57' title='bbox 737 1014 863 1060; x_wconf 90' lang='lat' dir='ltr'>idem</span> <span class='ocrx_word' id='word_1_58' title='bbox 910 1014 1039 1077; x_wconf 90' lang='lat' dir='ltr'>quod</span> <span class='ocrx_word' id='word_1_59' title='bbox 1081 1013 1270 1061; x_wconf 90' lang='lat' dir='ltr'>interest</span> <span class='ocrx_word' id='word_1_60' title='bbox 1306 1012 1422 1060; x_wconf 88' lang='lat' dir='ltr'>inter</span> <span class='ocrx_word' id='word_1_61' title='bbox 1459 1014 1660 1080; x_wconf 78' lang='grc' dir='ltr'><em>ἐγίγνετο,</em></span> <span class='ocrx_word' id='word_1_62' title='bbox 1701 1012 1877 1079; x_wconf 73' lang='grc' dir='ltr'><em>ἐγένετο,</em></span> 
     </span>
     <span class='ocr_line' id='line_1_11' title="bbox 359 1093 1881 1163; baseline -0.004 -17"><span class='ocrx_word' id='word_1_63' title='bbox 359 1096 539 1163; x_wconf 73' lang='grc' dir='ltr'><em>ἐγεγόνει</em></span> <span class='ocrx_word' id='word_1_64' title='bbox 597 1096 739 1143; x_wconf 90' lang='lat' dir='ltr'>etiam</span> <span class='ocrx_word' id='word_1_65' title='bbox 789 1096 1016 1142; x_wconf 77' lang='lat' dir='ltr'>interesse</span> <span class='ocrx_word' id='word_1_66' title='bbox 1069 1095 1249 1142; x_wconf 90' lang='lat' dir='ltr'>debere</span> <span class='ocrx_word' id='word_1_67' title='bbox 1296 1094 1414 1141; x_wconf 88' lang='lat' dir='ltr'>inter</span> <span class='ocrx_word' id='word_1_68' title='bbox 1464 1105 1649 1142; x_wconf 87' lang='lat' dir='ltr'>ceteras</span> <span class='ocrx_word' id='word_1_69' title='bbox 1704 1093 1881 1141; x_wconf 85' lang='lat' dir='ltr'>formas</span> 
     </span>
     <span class='ocr_line' id='line_1_12' title="bbox 359 1171 1878 1243; baseline 0.001 -20"><span class='ocrx_word' id='word_1_70' title='bbox 359 1193 483 1240; x_wconf 89' lang='lat' dir='ltr'>quae</span> <span class='ocrx_word' id='word_1_71' title='bbox 521 1177 584 1224; x_wconf 89' lang='lat' dir='ltr'>ab</span> <span class='ocrx_word' id='word_1_72' title='bbox 622 1177 787 1228; x_wconf 88' lang='lat' dir='ltr'>iisdem</span> <span class='ocrx_word' id='word_1_73' title='bbox 823 1176 1043 1224; x_wconf 78' lang='lat' dir='ltr'>thematis</span> <span class='ocrx_word' id='word_1_74' title='bbox 1075 1176 1364 1223; x_wconf 81' lang='lat' dir='ltr'>derivantur:</span> <span class='ocrx_word' id='word_1_75' title='bbox 1399 1180 1638 1243; x_wconf 75' lang='grc' dir='ltr'><em>γίγνωμαι,</em></span> <span class='ocrx_word' id='word_1_76' title='bbox 1669 1171 1878 1242; x_wconf 78' lang='grc' dir='ltr'><em>γένωμαί,</em></span> 
     </span>
     <span class='ocr_line' id='line_1_13' title="bbox 359 1252 1879 1326; baseline -0.002 -18"><span class='ocrx_word' id='word_1_77' title='bbox 359 1257 544 1326; x_wconf 68' lang='grc' dir='ltr'><em>γεγονὼς</em></span> <span class='ocrx_word' id='word_1_78' title='bbox 610 1252 670 1318; x_wconf 61' lang='lat'>333</span> <span class='ocrx_word' id='word_1_79' title='bbox 741 1263 987 1326; x_wconf 72' lang='grc' dir='ltr'>γιγνοίμην,</span> <span class='ocrx_word' id='word_1_80' title='bbox 1040 1261 1261 1325; x_wconf 77' lang='grc' dir='ltr'><em>γενοίμην,</em></span> <span class='ocrx_word' id='word_1_81' title='bbox 1313 1255 1498 1324; x_wconf 70' lang='grc' dir='ltr'><em>γεγονὼς</em></span> <span class='ocrx_word' id='word_1_82' title='bbox 1544 1262 1660 1316; x_wconf 68' lang='grc' dir='ltr'><em>εἴηνς</em></span> <span class='ocrx_word' id='word_1_83' title='bbox 1711 1261 1879 1324; x_wconf 79' lang='grc' dir='ltr'><em>γίγνου,</em></span> 
     </span>
     <span class='ocr_line' id='line_1_14' title="bbox 358 1338 1878 1407; baseline -0.003 -17"><span class='ocrx_word' id='word_1_84' title='bbox 358 1345 499 1407; x_wconf 69' lang='grc' dir='ltr'><em>γενοῦ,</em></span> <span class='ocrx_word' id='word_1_85' title='bbox 519 1338 709 1407; x_wconf 72' lang='grc' dir='ltr'><em>γογονῶς</em></span> <span class='ocrx_word' id='word_1_86' title='bbox 732 1343 837 1400; x_wconf 70' lang='grc' dir='ltr'><em>ἵσθις</em></span> <span class='ocrx_word' id='word_1_87' title='bbox 859 1343 1094 1407; x_wconf 68' lang='grc' dir='ltr'><em>γίγνεσθαι,</em></span> <span class='ocrx_word' id='word_1_88' title='bbox 1116 1339 1328 1406; x_wconf 66' lang='grc' dir='ltr'><em>γενέσθαι,</em></span> <span class='ocrx_word' id='word_1_89' title='bbox 1350 1338 1568 1406; x_wconf 72' lang='grc' dir='ltr'><em>γεγονέναι</em></span> <span class='ocrx_word' id='word_1_90' title='bbox 1585 1361 1594 1399; x_wconf 80' lang='lat'><em>3</em></span> <span class='ocrx_word' id='word_1_91' title='bbox 1610 1341 1878 1405; x_wconf 79' lang='grc' dir='ltr'><em>γιγνόμενος,</em></span> 
     </span>
     <span class='ocr_line' id='line_1_15' title="bbox 359 1418 1883 1488; baseline -0.005 -17"><span class='ocrx_word' id='word_1_92' title='bbox 359 1421 600 1488; x_wconf 68' lang='grc' dir='ltr'><em>γενόμενος,</em></span> <span class='ocrx_word' id='word_1_93' title='bbox 641 1422 841 1487; x_wconf 71' lang='grc' dir='ltr'><em>γεγονώς.</em></span> <span class='ocrx_word' id='word_1_94' title='bbox 884 1422 1003 1468; x_wconf 89' lang='lat' dir='ltr'>Inter</span> <span class='ocrx_word' id='word_1_95' title='bbox 1040 1420 1163 1467; x_wconf 90' lang='lat' dir='ltr'>viros</span> <span class='ocrx_word' id='word_1_96' title='bbox 1202 1420 1371 1467; x_wconf 93' lang='lat' dir='ltr'>doctos</span> <span class='ocrx_word' id='word_1_97' title='bbox 1402 1435 1524 1466; x_wconf 90' lang='lat' dir='ltr'>nunc</span> <span class='ocrx_word' id='word_1_98' title='bbox 1555 1418 1667 1466; x_wconf 87' lang='lat' dir='ltr'>satis</span> <span class='ocrx_word' id='word_1_99' title='bbox 1698 1428 1883 1465; x_wconf 91' lang='lat' dir='ltr'>constat</span> 
     </span>
     <span class='ocr_line' id='line_1_16' title="bbox 361 1499 1882 1565; baseline -0.002 -16"><span class='ocrx_word' id='word_1_100' title='bbox 361 1502 553 1549; x_wconf 91' lang='lat' dir='ltr'>diversis</span> <span class='ocrx_word' id='word_1_101' title='bbox 601 1502 821 1549; x_wconf 82' lang='lat' dir='ltr'>thematis</span> <span class='ocrx_word' id='word_1_102' title='bbox 871 1502 1101 1565; x_wconf 84' lang='lat' dir='ltr'>(themate</span> <span class='ocrx_word' id='word_1_103' title='bbox 1147 1501 1421 1564; x_wconf 87' lang='lat' dir='ltr'>praesentis,</span> <span class='ocrx_word' id='word_1_104' title='bbox 1463 1500 1633 1558; x_wconf 84' lang='lat' dir='ltr'>aoristi,</span> <span class='ocrx_word' id='word_1_105' title='bbox 1672 1499 1882 1563; x_wconf 89' lang='lat' dir='ltr'>perfecti)</span> 
     </span>
     <span class='ocr_line' id='line_1_17' title="bbox 363 1581 1883 1647; baseline -0.001 -18"><span class='ocrx_word' id='word_1_106' title='bbox 363 1583 573 1630; x_wconf 90' lang='lat' dir='ltr'>diversos</span> <span class='ocrx_word' id='word_1_107' title='bbox 604 1593 752 1631; x_wconf 89' lang='lat' dir='ltr'>status</span> <span class='ocrx_word' id='word_1_108' title='bbox 771 1583 868 1630; x_wconf 84' lang='lat' dir='ltr'>sive</span> <span class='ocrx_word' id='word_1_109' title='bbox 887 1583 1064 1647; x_wconf 83' lang='lat' dir='ltr'>gradus</span> <span class='ocrx_word' id='word_1_110' title='bbox 1085 1582 1274 1630; x_wconf 90' lang='lat' dir='ltr'>actionis</span> <span class='ocrx_word' id='word_1_111' title='bbox 1293 1581 1490 1629; x_wconf 90' lang='lat' dir='ltr'>indicari.</span> <span class='ocrx_word' id='word_1_112' title='bbox 1513 1581 1612 1628; x_wconf 83' lang='lat' dir='ltr'>Sed</span> <span class='ocrx_word' id='word_1_113' title='bbox 1626 1582 1726 1646; x_wconf 91' lang='lat' dir='ltr'>jam</span> <span class='ocrx_word' id='word_1_114' title='bbox 1746 1590 1883 1644; x_wconf 89' lang='lat' dir='ltr'>pater</span> 
     </span>
     <span class='ocr_line' id='line_1_18' title="bbox 361 1659 1881 1730; baseline 0.002 -20"><span class='ocrx_word' id='word_1_115' title='bbox 361 1674 637 1727; x_wconf 78' lang='lat' dir='ltr'>syntaerS,</span> <span class='ocrx_word' id='word_1_116' title='bbox 672 1663 950 1727; x_wconf 83' lang='lat' dir='ltr'>Apollonius</span> <span class='ocrx_word' id='word_1_117' title='bbox 983 1663 1236 1727; x_wconf 88' lang='lat' dir='ltr'>Dyscolus,</span> <span class='ocrx_word' id='word_1_118' title='bbox 1273 1664 1334 1726; x_wconf 80' lang='lat' dir='ltr'>(e.</span> <span class='ocrx_word' id='word_1_119' title='bbox 1368 1681 1417 1728; x_wconf 84' lang='lat' dir='ltr'>g.</span> <span class='ocrx_word' id='word_1_120' title='bbox 1453 1667 1543 1730; x_wconf 76' lang='grc' dir='ltr'><em>περὶ</em></span> <span class='ocrx_word' id='word_1_121' title='bbox 1566 1659 1806 1723; x_wconf 68' lang='grc' dir='ltr'><em>συντάξεως</em></span> <span class='ocrx_word' id='word_1_122' title='bbox 1826 1661 1881 1708; x_wconf 88' lang='grc' dir='ltr'>ΙΠ</span> 
     </span>
     <span class='ocr_line' id='line_1_19' title="bbox 366 1743 1883 1808; baseline -0.001 -17"><span class='ocrx_word' id='word_1_123' title='bbox 366 1746 447 1808; x_wconf 85' lang='lat'>24)</span> <span class='ocrx_word' id='word_1_124' title='bbox 478 1745 840 1808; x_wconf 86' lang='lat' dir='ltr'>quodammodo</span> <span class='ocrx_word' id='word_1_125' title='bbox 870 1745 1069 1792; x_wconf 89' lang='lat' dir='ltr'>sensisse</span> <span class='ocrx_word' id='word_1_126' title='bbox 1101 1745 1283 1792; x_wconf 90' lang='lat' dir='ltr'>videtur</span> <span class='ocrx_word' id='word_1_127' title='bbox 1315 1744 1490 1791; x_wconf 90' lang='lat' dir='ltr'>formas</span> <span class='ocrx_word' id='word_1_128' title='bbox 1522 1743 1675 1791; x_wconf 89' lang='lat' dir='ltr'>aoristi</span> <span class='ocrx_word' id='word_1_129' title='bbox 1694 1753 1883 1806; x_wconf 90' lang='lat' dir='ltr'>praeter</span> 
     </span>
     <span class='ocr_line' id='line_1_20' title="bbox 359 1825 1883 1889; baseline -0.001 -17"><span class='ocrx_word' id='word_1_130' title='bbox 359 1826 653 1874; x_wconf 88' lang='lat' dir='ltr'>indicativum</span> <span class='ocrx_word' id='word_1_131' title='bbox 682 1844 775 1874; x_wconf 91' lang='lat' dir='ltr'>non</span> <span class='ocrx_word' id='word_1_132' title='bbox 794 1827 994 1874; x_wconf 89' lang='lat' dir='ltr'>indicare</span> <span class='ocrx_word' id='word_1_133' title='bbox 1013 1837 1204 1889; x_wconf 90' lang='lat' dir='ltr'>tempus</span> <span class='ocrx_word' id='word_1_134' title='bbox 1223 1825 1529 1889; x_wconf 88' lang='lat' dir='ltr'>praeteritum</span> <span class='ocrx_word' id='word_1_135' title='bbox 1548 1848 1557 1885; x_wconf 81' lang='lat'>3</span> <span class='ocrx_word' id='word_1_136' title='bbox 1583 1841 1883 1887; x_wconf 89' lang='lat' dir='ltr'>quamquam</span> 
     </span>
     <span class='ocr_line' id='line_1_21' title="bbox 362 1905 1883 1973; baseline -0.003 -18"><span class='ocrx_word' id='word_1_137' title='bbox 362 1918 412 1955; x_wconf 88' lang='lat' dir='ltr'>ut</span> <span class='ocrx_word' id='word_1_138' title='bbox 461 1919 652 1971; x_wconf 90' lang='lat' dir='ltr'>tempus</span> <span class='ocrx_word' id='word_1_139' title='bbox 703 1919 750 1955; x_wconf 90' lang='lat' dir='ltr'>et</span> <span class='ocrx_word' id='word_1_140' title='bbox 787 1908 989 1973; x_wconf 83' lang='lat' dir='ltr'>gradum</span> <span class='ocrx_word' id='word_1_141' title='bbox 1027 1907 1232 1965; x_wconf 84' lang='lat' dir='ltr'>actionis,</span> <span class='ocrx_word' id='word_1_142' title='bbox 1273 1923 1475 1970; x_wconf 89' lang='lat' dir='ltr'>quorum</span> <span class='ocrx_word' id='word_1_143' title='bbox 1513 1905 1753 1953; x_wconf 84' lang='lat' dir='ltr'>discrimen</span> <span class='ocrx_word' id='word_1_144' title='bbox 1789 1921 1883 1953; x_wconf 93' lang='lat' dir='ltr'>non</span> 
     </span>
     <span class='ocr_line' id='line_1_22' title="bbox 360 1986 1878 2054; baseline -0.002 -18"><span class='ocrx_word' id='word_1_145' title='bbox 360 2007 549 2052; x_wconf 89' lang='lat' dir='ltr'>prorsus</span> <span class='ocrx_word' id='word_1_146' title='bbox 569 2007 680 2037; x_wconf 91' lang='lat' dir='ltr'>eum</span> <span class='ocrx_word' id='word_1_147' title='bbox 700 1989 828 2054; x_wconf 76' lang='lat' dir='ltr'>fugit,</span> <span class='ocrx_word' id='word_1_148' title='bbox 852 1999 1119 2038; x_wconf 86' lang='lat' dir='ltr'>constanter</span> <span class='ocrx_word' id='word_1_149' title='bbox 1139 1989 1421 2036; x_wconf 84' lang='lat' dir='ltr'>discerneret</span> <span class='ocrx_word' id='word_1_150' title='bbox 1451 1987 1493 2035; x_wconf 90' lang='lat' dir='ltr'>ei</span> <span class='ocrx_word' id='word_1_151' title='bbox 1512 2004 1605 2034; x_wconf 92' lang='lat' dir='ltr'>non</span> <span class='ocrx_word' id='word_1_152' title='bbox 1625 1986 1878 2051; x_wconf 64' lang='lat' dir='ltr'>contigitl).</span> 
     </span>
     <span class='ocr_line' id='line_1_23' title="bbox 367 2067 1885 2134; baseline -0.003 -16"><span class='ocrx_word' id='word_1_153' title='bbox 367 2071 529 2134; x_wconf 89' lang='lat' dir='ltr'>Usque</span> <span class='ocrx_word' id='word_1_154' title='bbox 561 2071 623 2118; x_wconf 91' lang='lat' dir='ltr'>ad</span> <span class='ocrx_word' id='word_1_155' title='bbox 655 2071 893 2118; x_wconf 77' lang='lat' dir='ltr'>dimidIum</span> <span class='ocrx_word' id='word_1_156' title='bbox 925 2071 1024 2118; x_wconf 89' lang='lat' dir='ltr'>sere</span> <span class='ocrx_word' id='word_1_157' title='bbox 1055 2069 1227 2118; x_wconf 87' lang='lat' dir='ltr'>saeculi</span> <span class='ocrx_word' id='word_1_158' title='bbox 1259 2070 1387 2133; x_wconf 88' lang='lat' dir='ltr'>quod</span> <span class='ocrx_word' id='word_1_159' title='bbox 1408 2079 1616 2117; x_wconf 90' lang='lat' dir='ltr'>nostrum</span> <span class='ocrx_word' id='word_1_160' title='bbox 1637 2067 1885 2116; x_wconf 89' lang='lat' dir='ltr'>antecessit</span> 
     </span>
     <span class='ocr_line' id='line_1_24' title="bbox 364 2150 1882 2215; baseline -0.001 -17"><span class='ocrx_word' id='word_1_161' title='bbox 364 2152 548 2200; x_wconf 89' lang='lat' dir='ltr'>fuerunt</span> <span class='ocrx_word' id='word_1_162' title='bbox 583 2152 663 2199; x_wconf 88' lang='lat' dir='ltr'>viri</span> <span class='ocrx_word' id='word_1_163' title='bbox 701 2152 825 2199; x_wconf 88' lang='lat' dir='ltr'>docti</span> <span class='ocrx_word' id='word_1_164' title='bbox 853 2152 929 2215; x_wconf 89' lang='lat' dir='ltr'>qui</span> <span class='ocrx_word' id='word_1_165' title='bbox 957 2152 1000 2198; x_wconf 91' lang='lat' dir='ltr'>in</span> <span class='ocrx_word' id='word_1_166' title='bbox 1032 2152 1221 2215; x_wconf 84' lang='lat' dir='ltr'>antiqua</span> <span class='ocrx_word' id='word_1_167' title='bbox 1253 2151 1469 2214; x_wconf 88' lang='lat' dir='ltr'>opinione</span> <span class='ocrx_word' id='word_1_168' title='bbox 1496 2150 1882 2213; x_wconf 87' lang='lat' dir='ltr'>perseverabant,</span> 
     </span>
     <span class='ocr_line' id='line_1_25' title="bbox 364 2231 1884 2296; baseline -0.001 -16"><span class='ocrx_word' id='word_1_169' title='bbox 364 2232 491 2281; x_wconf 89' lang='lat' dir='ltr'>velut</span> <span class='ocrx_word' id='word_1_170' title='bbox 528 2233 821 2281; x_wconf 78' lang='lat' dir='ltr'>FRIDERICUS</span> <span class='ocrx_word' id='word_1_171' title='bbox 858 2233 1197 2291; x_wconf 77' lang='lat' dir='ltr'>THIERSCHHJS,</span> <span class='ocrx_word' id='word_1_172' title='bbox 1238 2232 1317 2295; x_wconf 86' lang='lat' dir='ltr'>qui</span> <span class='ocrx_word' id='word_1_173' title='bbox 1347 2232 1391 2279; x_wconf 89' lang='lat' dir='ltr'>in</span> <span class='ocrx_word' id='word_1_174' title='bbox 1421 2231 1698 2279; x_wconf 87' lang='lat' dir='ltr'>institutione</span> <span class='ocrx_word' id='word_1_175' title='bbox 1730 2247 1884 2296; x_wconf 83' lang='lat' dir='ltr'>gram-</span> 
     </span>
     <span class='ocr_line' id='line_1_26' title="bbox 365 2312 1882 2377; baseline -0.001 -16"><span class='ocrx_word' id='word_1_176' title='bbox 365 2314 537 2362; x_wconf 88' lang='lat' dir='ltr'>matica</span> <span class='ocrx_word' id='word_1_177' title='bbox 584 2331 671 2361; x_wconf 91' lang='lat' dir='ltr'>sua</span> <span class='ocrx_word' id='word_1_178' title='bbox 722 2313 928 2377; x_wconf 82' lang='lat' dir='ltr'>(Griech.</span> <span class='ocrx_word' id='word_1_179' title='bbox 984 2313 1218 2372; x_wconf 84' lang='lat' dir='ltr'>Gramm.,</span> <span class='ocrx_word' id='word_1_180' title='bbox 1267 2312 1540 2377; x_wconf 83' lang='lat' dir='ltr'>vorz&#39;uglich</span> <span class='ocrx_word' id='word_1_181' title='bbox 1578 2312 1664 2360; x_wconf 94' lang='lat' dir='ltr'>des</span> <span class='ocrx_word' id='word_1_182' title='bbox 1700 2312 1882 2359; x_wconf 88' lang='lat' dir='ltr'>homer.</span> 
     </span>
     <span class='ocr_line' id='line_1_27' title="bbox 366 2393 1887 2462; baseline 0.001 -20"><span class='ocrx_word' id='word_1_183' title='bbox 366 2394 489 2442; x_wconf 87' lang='lat' dir='ltr'>Dial.</span> <span class='ocrx_word' id='word_1_184' title='bbox 530 2396 605 2442; x_wconf 93' lang='lat' dir='ltr'>ed.</span> <span class='ocrx_word' id='word_1_185' title='bbox 648 2405 753 2443; x_wconf 86' lang='lat' dir='ltr'>tert.</span> <span class='ocrx_word' id='word_1_186' title='bbox 804 2396 952 2457; x_wconf 84' lang='lat'>1826)</span> <span class='ocrx_word' id='word_1_187' title='bbox 990 2394 1292 2458; x_wconf 88' lang='lat' dir='ltr'>imperativos</span> <span class='ocrx_word' id='word_1_188' title='bbox 1332 2393 1497 2457; x_wconf 87' lang='lat' dir='ltr'>quales</span> <span class='ocrx_word' id='word_1_189' title='bbox 1535 2403 1640 2441; x_wconf 87' lang='lat' dir='ltr'>sunt</span> <span class='ocrx_word' id='word_1_190' title='bbox 1677 2393 1887 2462; x_wconf 69' lang='grc' dir='ltr'><em>κάθηρον,</em></span> 
     </span>
    </p>
   </div>
   <div class='ocr_carea' id='block_1_3' title="bbox 384 2537 644 2542">
    <p class='ocr_par' dir='ltr' id='par_1_4' title="bbox 384 2537 644 2542">
     <span class='ocr_line' id='line_1_28' title="bbox 384 2537 644 2542; baseline 0 0"><span class='ocrx_word' id='word_1_191' title='bbox 384 2537 644 2542; x_wconf 95' lang='lat' dir='ltr'> </span> 
     </span>
    </p>
   </div>
   <div class='ocr_carea' id='block_1_4' title="bbox 368 2616 1887 2949">
    <p class='ocr_par' dir='ltr' id='par_1_5' title="bbox 368 2616 1887 2949">
     <span class='ocr_line' id='line_1_29' title="bbox 419 2616 1886 2664; baseline -0.003 -12"><span class='ocrx_word' id='word_1_192' title='bbox 419 2621 451 2664; x_wconf 84' lang='lat'>1)</span> <span class='ocrx_word' id='word_1_193' title='bbox 479 2621 531 2651; x_wconf 87' lang='lat' dir='ltr'>De</span> <span class='ocrx_word' id='word_1_194' title='bbox 560 2630 626 2661; x_wconf 89' lang='lat' dir='ltr'>qua</span> <span class='ocrx_word' id='word_1_195' title='bbox 649 2630 683 2650; x_wconf 83' lang='lat' dir='ltr'>re</span> <span class='ocrx_word' id='word_1_196' title='bbox 709 2618 778 2650; x_wconf 84' lang='lat' dir='ltr'>vid.</span> <span class='ocrx_word' id='word_1_197' title='bbox 805 2619 851 2650; x_wconf 87' lang='lat' dir='ltr'>H.</span> <span class='ocrx_word' id='word_1_198' title='bbox 880 2618 1090 2649; x_wconf 67' lang='lat' dir='ltr'>STEINTHAL</span> <span class='ocrx_word' id='word_1_199' title='bbox 1119 2617 1327 2649; x_wconf 78' lang='lat' dir='ltr'>Geschichte</span> <span class='ocrx_word' id='word_1_200' title='bbox 1357 2617 1416 2648; x_wconf 89' lang='lat' dir='ltr'>der</span> <span class='ocrx_word' id='word_1_201' title='bbox 1438 2616 1809 2659; x_wconf 85' lang='lat' dir='ltr'>Sprachwissenschaft</span> <span class='ocrx_word' id='word_1_202' title='bbox 1829 2617 1886 2648; x_wconf 87' lang='lat' dir='ltr'>bei</span> 
     </span>
     <span class='ocr_line' id='line_1_30' title="bbox 368 2674 1885 2718; baseline -0.003 -8"><span class='ocrx_word' id='word_1_203' title='bbox 368 2679 436 2710; x_wconf 90' lang='lat' dir='ltr'>den</span> <span class='ocrx_word' id='word_1_204' title='bbox 460 2677 631 2710; x_wconf 88' lang='lat' dir='ltr'>Griechen</span> <span class='ocrx_word' id='word_1_205' title='bbox 655 2677 726 2708; x_wconf 89' lang='lat' dir='ltr'>und</span> <span class='ocrx_word' id='word_1_206' title='bbox 749 2677 912 2718; x_wconf 75' lang='lat' dir='ltr'>Romern,</span> <span class='ocrx_word' id='word_1_207' title='bbox 935 2676 988 2706; x_wconf 89' lang='lat' dir='ltr'>ed.</span> <span class='ocrx_word' id='word_1_208' title='bbox 1011 2676 1110 2717; x_wconf 86' lang='lat' dir='ltr'>prim.</span> <span class='ocrx_word' id='word_1_209' title='bbox 1134 2686 1167 2717; x_wconf 93' lang='lat' dir='ltr'>p.</span> <span class='ocrx_word' id='word_1_210' title='bbox 1192 2675 1398 2717; x_wconf 75' lang='lat'><strong>653—6573</strong></span> <span class='ocrx_word' id='word_1_211' title='bbox 1422 2675 1468 2705; x_wconf 93' lang='lat' dir='ltr'>H.</span> <span class='ocrx_word' id='word_1_212' title='bbox 1492 2675 1669 2706; x_wconf 80' lang='lat' dir='ltr'>MELTZER</span> <span class='ocrx_word' id='word_1_213' title='bbox 1692 2675 1757 2705; x_wconf 90' lang='lat' dir='ltr'>Zur</span> <span class='ocrx_word' id='word_1_214' title='bbox 1774 2674 1885 2706; x_wconf 89' lang='lat' dir='ltr'>Lehre</span> 
     </span>
     <span class='ocr_line' id='line_1_31' title="bbox 368 2732 1884 2775; baseline -0.003 -8"><span class='ocrx_word' id='word_1_215' title='bbox 368 2747 436 2767; x_wconf 87' lang='lat' dir='ltr'>von</span> <span class='ocrx_word' id='word_1_216' title='bbox 463 2736 529 2766; x_wconf 88' lang='lat' dir='ltr'>den</span> <span class='ocrx_word' id='word_1_217' title='bbox 557 2735 736 2766; x_wconf 84' lang='lat' dir='ltr'>Aktionen</span> <span class='ocrx_word' id='word_1_218' title='bbox 762 2735 834 2765; x_wconf 86' lang='lat' dir='ltr'>bes.</span> <span class='ocrx_word' id='word_1_219' title='bbox 862 2734 908 2764; x_wconf 90' lang='lat' dir='ltr'>im</span> <span class='ocrx_word' id='word_1_220' title='bbox 935 2733 1196 2775; x_wconf 66' lang='lat' dir='ltr'>Griechischen,</span> <span class='ocrx_word' id='word_1_221' title='bbox 1222 2733 1420 2774; x_wconf 84' lang='lat' dir='ltr'>Indogerm.</span> <span class='ocrx_word' id='word_1_222' title='bbox 1446 2732 1586 2763; x_wconf 86' lang='lat' dir='ltr'>Forsch.</span> <span class='ocrx_word' id='word_1_223' title='bbox 1615 2732 1716 2763; x_wconf 91' lang='lat' dir='ltr'>XVII</span> <span class='ocrx_word' id='word_1_224' title='bbox 1739 2742 1772 2773; x_wconf 89' lang='lat' dir='ltr'>p.</span> <span class='ocrx_word' id='word_1_225' title='bbox 1801 2740 1884 2774; x_wconf 83' lang='lat'>1943</span> 
     </span>
     <span class='ocr_line' id='line_1_32' title="bbox 368 2788 1887 2832; baseline -0.003 -8"><span class='ocrx_word' id='word_1_226' title='bbox 368 2794 407 2824; x_wconf 88' lang='grc' dir='ltr'>Β.</span> <span class='ocrx_word' id='word_1_227' title='bbox 442 2793 644 2823; x_wconf 72' lang='lat' dir='ltr'>DELBR&#39;CCK</span> <span class='ocrx_word' id='word_1_228' title='bbox 680 2790 955 2832; x_wconf 85' lang='lat' dir='ltr'>Vergleiehende</span> <span class='ocrx_word' id='word_1_229' title='bbox 986 2790 1117 2831; x_wconf 84' lang='lat' dir='ltr'>Syntax</span> <span class='ocrx_word' id='word_1_230' title='bbox 1143 2791 1203 2821; x_wconf 86' lang='lat' dir='ltr'>der</span> <span class='ocrx_word' id='word_1_231' title='bbox 1229 2789 1579 2831; x_wconf 84' lang='lat' dir='ltr'>indogermanischen</span> <span class='ocrx_word' id='word_1_232' title='bbox 1606 2788 1793 2831; x_wconf 69' lang='lat' dir='ltr'>Sprachen,</span> <span class='ocrx_word' id='word_1_233' title='bbox 1821 2788 1887 2820; x_wconf 71' lang='lat' dir='ltr'>2t01</span> 
     </span>
     <span class='ocr_line' id='line_1_33' title="bbox 369 2846 1886 2891; baseline -0.003 -9"><span class='ocrx_word' id='word_1_234' title='bbox 369 2850 447 2882; x_wconf 83' lang='lat' dir='ltr'>Teil</span> <span class='ocrx_word' id='word_1_235' title='bbox 485 2849 584 2891; x_wconf 75' lang='lat'>1897,</span> <span class='ocrx_word' id='word_1_236' title='bbox 620 2849 762 2890; x_wconf 86' lang='lat' dir='ltr'>Kapitel</span> <span class='ocrx_word' id='word_1_237' title='bbox 790 2849 874 2879; x_wconf 90' lang='lat' dir='ltr'>XVI</span> <span class='ocrx_word' id='word_1_238' title='bbox 898 2847 1089 2890; x_wconf 89' lang='lat' dir='ltr'>(Tempora</span> <span class='ocrx_word' id='word_1_239' title='bbox 1114 2848 1186 2879; x_wconf 91' lang='lat' dir='ltr'>und</span> <span class='ocrx_word' id='word_1_240' title='bbox 1214 2847 1421 2891; x_wconf 80' lang='lat' dir='ltr'>Aktionen),</span> <span class='ocrx_word' id='word_1_241' title='bbox 1446 2848 1482 2879; x_wconf 89' lang='lat' dir='ltr'>in</span> <span class='ocrx_word' id='word_1_242' title='bbox 1510 2857 1579 2889; x_wconf 83' lang='lat' dir='ltr'>quo</span> <span class='ocrx_word' id='word_1_243' title='bbox 1605 2847 1718 2889; x_wconf 84' lang='lat' dir='ltr'>capite</span> <span class='ocrx_word' id='word_1_244' title='bbox 1743 2846 1886 2879; x_wconf 83' lang='lat' dir='ltr'>historia</span> 
     </span>
     <span class='ocr_line' id='line_1_34' title="bbox 370 2907 1154 2949; baseline -0.003 -10"><span class='ocrx_word' id='word_1_245' title='bbox 370 2914 494 2940; x_wconf 80' lang='lat' dir='ltr'>nostrae</span> <span class='ocrx_word' id='word_1_246' title='bbox 521 2907 733 2949; x_wconf 78' lang='lat' dir='ltr'>quaestionis</span> <span class='ocrx_word' id='word_1_247' title='bbox 760 2907 955 2939; x_wconf 84' lang='lat' dir='ltr'>luculenter</span> <span class='ocrx_word' id='word_1_248' title='bbox 982 2911 1154 2938; x_wconf 79' lang='lat' dir='ltr'>tractatur.</span> 
     </span>
    </p>
   </div>
  </div>
 </body>
</html>
