2119 3342
1078 183 1144 227 94

351 315 640 377 tiescunque
695 310 899 374 singulis
954 307 1214 357 mendacia
1269 324 1358 355 sua
1413 306 1660 363 narrabat,
1713 304 1863 352 fidem

350 393 636 443 habebant'’
709 393 879 456 (etiam
936 391 1106 454 partie.
1167 386 1395 448 ἀκούοντες
1451 387 1677 435 iterative
1732 401 1864 434 usur-

350 486 522 540 patum
562 477 669 538 est).

423 556 827 621 Compositorum
909 554 1225 604 οέναπείθειν
1301 561 1350 599 et
1421 552 1864 612 ξυναναπείθειν,

352 639 601 702 utriusque
651 635 821 693 semel,
875 635 1164 699 impfectum
1205 633 1414 681 occurrit
1451 632 1601 695 idque
1637 630 1686 678 vi
1724 645 1868 677 cona-

351 721 454 768 tiva
498 719 791 784 praeditum,
844 734 1026 780 nempe
1077 716 1196 763 VIII
1251 730 1331 776 52,
1388 731 1405 762 1
1463 710 1747 781 Ἀλκιβιάδης
1791 709 1869 777 μὲν

354 802 619 869 Τισσαφέρνη
670 797 985 870 παρεσκεύαζεν
1035 800 1108 849 καὶ
1161 797 1403 848 άνέπειθε
1462 796 1535 856 „in
1578 793 1725 842 aliam
1764 809 1869 840 sen-

354 884 562 931 tentiam
611 883 840 930 inducere
891 878 1197 929 conabatur”
1239 888 1289 926 et
1326 875 1542 924 similiter
1578 875 1674 922 VII
1720 891 1798 934 21,
1843 890 1868 936 3

355 965 716 1026 ξυνανέπειθε
754 963 801 1014 δὲ
839 964 913 1013 καὶ
951 956 1246 1029 Ἑρμοκράτης
1285 957 1368 1027 οὐχ
1406 956 1566 1014 ἥκιστα
1603 961 1698 1006 κτλ.

428 1046 582 1093 Verbi
630 1043 889 1111 πράσσειν
941 1060 1003 1090 ea
1053 1040 1343 1104 significatio
1395 1038 1704 1103 praesentica
1743 1053 1873 1100 quae

357 1137 432 1175 est
490 1126 716 1191 „agendo
767 1123 951 1188 aliquid
1001 1123 1268 1186 impetrare
1316 1120 1514 1169 conari‘’
1565 1119 1658 1166 dici
1708 1127 1875 1182 potest

357 1209 604 1268 conativa‚
655 1208 693 1255 si
740 1206 973 1269 respicias
1025 1205 1277 1252 notionem
1327 1203 1433 1267 ejus
1479 1201 1619 1250 verbi
1677 1201 1875 1268 (πρᾶξαι)

361 1289 667 1338 aoristicam:
742 1285 1056 1351 „perficere'’.
1129 1284 1480 1348 Imperfectum
1544 1281 1691 1330 activi
1763 1297 1876 1329 eam

360 1373 460 1421 vim
482 1370 766 1419 conativam
788 1368 988 1416 exhibet
1015 1367 1149 1414 hisce
1176 1365 1322 1414 locis:
1356 1365 1423 1412 III
1459 1381 1506 1425 4,
1544 1367 1573 1411 6
1606 1361 1876 1431 ἔπρασσον

360 1455 471 1514 ὅπως
508 1474 569 1513 τις
609 1452 788 1520 βοήθεια
828 1449 944 1511 ἥξει,
984 1447 1202 1496 similiter
1239 1461 1318 1509 70,
1369 1463 1418 1508 13
1463 1459 1542 1508 75,
1593 1461 1607 1492 1
1655 1441 1877 1512 ξύμβασίν

361 1558 402 1586 τε
441 1533 672 1602 ἔπρασσε
712 1533 908 1595 (pacem
942 1529 1202 1578 conciliare
1234 1528 1532 1591 temptabat,
1567 1526 1704 1590 cujus
1735 1542 1880 1573 cona-

364 1628 442 1665 tus
490 1632 696 1679 prosper
734 1623 942 1661 eventus
981 1612 1215 1660 continuo
1255 1610 1603 1672 memoraturt)
1644 1609 1719 1658 καὶ
1758 1610 1881 1657 πείθει

367 1700 439 1763 (=
469 1696 617 1760 ἔπεισε)
667 1695 769 1746 ὥστε
816 1700 1100 1763 ξυγχωρῆσαι
1140 1693 1351 1752 άλλῆλοις
1391 1695 1486 1742 κτλ.
1522 1689 1709 1737 Passivi
1747 1687 1880 1751 impf.

365 1780 434 1828 sic
473 1788 734 1841 usurpatur
772 1777 905 1823 hisce
943 1775 1088 1823 locis:
1131 1774 1200 1821 IV
1247 1790 1358 1834 121,
1403 1789 1427 1820 2
1471 1777 1551 1822 καί
1578 1793 1614 1821 τι
1653 1768 1765 1838 αὐτῷ
1806 1770 1881 1819 καὶ

367 1858 660 1928 ἐπράσσετο
717 1859 800 1922 (ab
857 1875 918 1905 eo
975 1857 1238 1920 agebatur)
1295 1857 1336 1915 ἐς
1392 1851 1471 1914 τὰς
1524 1852 1664 1912 πόλεις
1719 1848 1885 1911 ταύτας

366 1945 598 2010 προδοσίας
646 1940 763 2008 πέρι,
815 1938 1032 1987 similiter
1077 1938 1197 1985 VIII
1241 1952 1285 1998 5,
1333 1953 1358 1997 3
1400 1937 1474 1986 καὶ
1512 1932 1632 1984 ταῦτ’
1671 1930 1771 1984 ἄνευ
1808 1942 1886 1992 τῆς

368 2025 730 2090 Λακεδαιμονίων
780 2021 941 2081 πόλεως
991 2017 1318 2088 ἐπράσσετο,
1371 2017 1440 2064 IV
1484 2020 1564 2078 76,
1621 2032 1644 2062 2
1698 2025 1755 2086 τῷ
1801 2011 1887 2082 γὰρ

369 2100 628 2170 Ἱπποκράτει
686 2104 764 2153 καί
816 2104 957 2170 ἐκείνῳ
1013 2099 1067 2152 τὰ
1119 2100 1295 2151 Βοιώτια
1341 2096 1581 2167 πράγματα
1631 2096 1714 2147 οἷπό
1762 2115 1886 2145 τινων

371 2186 540 2254 ἀνδρῶν
593 2186 634 2234 ἐν
684 2190 779 2244 ταῖς
826 2184 993 2234 πόλεσιν
1046 2180 1365 2250 ἐπράσσετο,
1418 2179 1500 2227 ubi
1538 2180 1627 2246 ἐπρ.
1667 2176 1889 2225 licentius

373 2284 402 2314 a
453 2275 623 2313 nostro
674 2265 949 2312 adhibitum
1001 2273 1075 2312 est
1125 2280 1215 2326 pro
1255 2280 1316 2310 eo
1354 2261 1490 2324 quod
1528 2270 1603 2308 est
1637 2260 1889 2327 προυδίδοτο

374 2348 453 2411 (cf.
494 2345 682 2409 schol.).

447 2427 601 2474 Verbi
657 2431 884 2495 φθείρειν
942 2443 1144 2490 quoque
1194 2425 1553 2488 imperfectum,
1611 2422 1892 2484 ubicunque

377 2509 599 2568 occurrit,
640 2519 714 2556 est
753 2508 1052 2567 conativum‚
1094 2507 1376 2571 significans
1423 2506 1634 2566 „damna
1662 2502 1890 2562 inferre'‘,

386 2591 628 2653 „vexare”
657 2593 731 2654 <Ξ
753 2589 994 2658 βλάπτειν).
1030 2589 1276 2651 (Aoristus
1309 2597 1477 2634 autem
1510 2585 1755 2633 actionem
1787 2600 1891 2647 per-

381 2674 612 2721 fectivam
664 2672 920 2736 designat:
976 2669 1263 2732 „perde1·e”‚
1311 2666 1577 2730 „delere''.)
1618 2665 1696 2712 Sic
1733 2665 1894 2711 forma

380 2754 619 2822 ἔφθειρον
677 2753 839 2817 (tertia
897 2753 1129 2816 persona)
1180 2750 1443 2798 adhibetur
1492 2748 1626 2794 hisce
1675 2744 1820 2792 locis:
1873 2745 1892 2790 Ι

386 2853 465 2898 30,
522 2853 546 2896 3
599 2841 671 2885 w]
721 2857 761 2884 τε
812 2834 969 2903 χρόνον
1021 2832 1090 2882 τὸν
1142 2837 1332 2882 πλεῖστον
1371 2826 1479 2898 μετὰ
1517 2828 1595 2883 τὴν
1633 2830 1893 2895 ναυμαχίαν
