2119 3342
871 201 932 249 37

142 330 276 394 pium
328 347 528 393 quoque
577 331 745 378 aoristi
796 330 1077 392 ubicunque
1151 329 1361 377 occurrit
1416 329 1456 393 (I
1504 345 1579 388 12,
1629 345 1645 376 1

142 421 192 459 et
230 428 287 472 43
328 411 397 458 III
442 425 521 473 74,
566 428 621 473 33
657 411 730 458 IV
773 425 852 473 71,
901 411 944 474 1)
983 411 1030 457 vi
1068 410 1344 474 ingressiva
1373 410 1652 474 praeditum

143 502 231 539 est.
274 492 530 540 Indicativi
568 492 735 539 aoristi
774 492 857 555 qui
894 491 1126 555 leguntur
1166 491 1237 537 IV
1279 495 1359 552 56,
1403 508 1454 551 13
1488 491 1534 538 V
1571 505 1651 552 50,

143 589 202 634 43
245 573 314 620 VI
354 590 437 634 44,
481 589 537 634 33
578 573 694 620 VIII
741 589 822 633 24,
865 576 894 620 6
933 582 1046 620 sunt
1078 571 1466 635 complexivi.

214 654 365 702 Verbi
405 655 587 722 μένειν
628 654 793 718 plures
824 654 1166 718 praesenticae
1205 670 1355 717 quam
1395 653 1654 701 aoristieae

142 736 332 784 formae
383 746 669 796 occurrunt3
717 735 851 798 impf.
907 739 936 782 6
989 735 1212 792 occurrit,
1265 734 1557 798 plerumque
1606 734 1654 781 in

143 818 398 865 enuntiato
447 814 587 868 κατὰ
633 817 818 886 χώραν
867 815 1036 885 ἔμενε,
1088 815 1296 885 ἔμενονῑ
1348 817 1418 864 IV
1477 833 1552 877 14,
1596 831 1652 877 53

147 903 226 959 26,
288 916 339 960 13
388 899 484 946 VII
536 915 618 959 49,
671 915 731 959 43
777 898 894 945 VIII
939 912 1018 960 71,
1062 914 1105 960 3.
1148 898 1448 946 Indicativus
1487 897 1654 945 aoristi

140 991 333 1028 tantum
384 980 458 1027 bis
508 980 740 1028 occurrit:
794 979 862 1026 IV
915 983 960 1036 6,
1017 996 1040 1026 2
1088 979 1256 1047 ἡμέρας
1299 976 1384 1048 γὰρ
1421 984 1539 1030 πέντε
1579 982 1653 1029 καὶ

142 1062 252 1113 δέκα
296 1060 516 1129 ἔμειναν
569 1062 610 1111 ἐν
662 1071 715 1132 τῇ
749 1059 917 1131 Ἀττικῇ
956 1062 1077 1124 (aor.
1122 1059 1419 1125 complex.)3
1462 1061 1526 1108 III
1571 1074 1650 1122 75,

151 1160 166 1192 Ι
214 1145 254 1194 οἳ
289 1141 467 1193 οὐκέτι
505 1140 725 1210 ἔμειναν
766 1143 888 1205 (aor.
930 1152 1139 1190 constat.
1181 1164 1236 1179 =
1275 1141 1463 1210 ἔφυγον).

216 1224 490 1288 Compositi
521 1223 823 1292 περιμένειν
856 1224 990 1287 impf.
1016 1223 1276 1287 aliquoties
1309 1224 1533 1280 occurrit,
1555 1223 1652 1271 ind.

143 1323 245 1354 aor.
286 1323 384 1354 non
424 1306 654 1366 occurrit3
695 1306 930 1369 quoniam
961 1305 1328 1369 praepositione
1359 1327 1498 1374 περι·
1525 1305 1572 1352 in
1595 1322 1656 1353 eo

144 1388 420 1452 composito
460 1387 780 1451 exspectandi
819 1387 955 1434 notio
995 1387 1144 1435 etiam
1178 1387 1337 1451 magis
1369 1387 1657 1450 exprimitur

145 1487 294 1533 quam
341 1470 495 1518 verbo
546 1469 767 1533 simplici,
821 1485 920 1516 non
959 1469 1192 1517 miramur
1242 1469 1409 1517 aoristi
1442 1468 1657 1517 indicati·

143 1569 260 1599 vum
299 1552 500 1599 omnino
540 1568 638 1598 non
678 1567 950 1598 occurrere.

215 1633 367 1682 Verbi
413 1636 585 1684 οἰκεῖν
635 1631 977 1696 imperfectum
1017 1631 1263 1695 significat
1309 1631 1653 1693 „habitare”

144 1713 279 1762 velut
318 1714 336 1761 1
380 1730 423 1773 2,
469 1729 525 1775 53
558 1713 627 1760 III
665 1726 744 1774 72,
784 1729 827 1774 3.
870 1712 1055 1760 Aoristi
1093 1712 1191 1760 ind.
1225 1711 1440 1781 (ᾤκησαν)
1473 1714 1657 1777 ubique

145 1795 388 1860 significat
433 1795 786 1853 „considere
825 1794 873 1841 in
911 1793 1078 1857 aliquo
1118 1793 1280 1854 loeo”,
1321 1794 1475 1843 habet
1512 1796 1658 1859 igitur

145 1878 245 1926 vim
284 1876 715 1941 ingressivam.

182 1959 475 2022 Composita
507 1962 928 2027 προσξυνοικεῖν
961 1958 1268 2019 Εῖέξοικεῖν
1290 1957 1443 2005 semel
1464 1968 1658 2006 tantum

147 2051 407 2089 occurrunt
453 2040 602 2103 idque
642 2040 688 2087 in
739 2039 924 2087 aoristo
974 2039 1353 2101 ingressivo:
1408 2039 1477 2087 VI
1532 2057 1577 2101 2,
1630 2057 1655 2102 3

145 2121 615 2190 προσξυνῴκησαν
650 2121 676 2169 1.
703 2138 744 2169 e.
786 2119 926 2168 simul
967 2138 1077 2168 eum
1097 2121 1152 2168 iis
1173 2121 1219 2168 in
1241 2120 1296 2168 iis
1316 2119 1435 2168 locis
1457 2139 1658 2170 eonse-

147 2205 393 2265 derunt3
418 2204 462 2251 II
493 2218 568 2266 17,
600 2221 616 2251 1
643 2203 689 2254 τὸ
711 2203 979 2271 Πελαργικὸν
1001 2204 1248 2271 ἐξῳκήθη
1270 2204 1298 2251 1.
1316 2221 1359 2251 e.
1382 2214 1543 2252 totum
1564 2205 1660 2253 ha-

147 2287 332 2335 bitari
354 2296 638 2349 coeptum
658 2296 751 2333 est
772 2285 887 2349 (vid.
904 2285 1217 2347 Steupiiann.
1237 2285 1301 2332 ad
1317 2285 1658 2350 hunclocum).

220 2368 512 2416 Ceterorum
559 2367 948 2431 compositorum
987 2383 1089 2414 aor.
1125 2366 1417 2415 indicativus
1451 2384 1549 2415 non
1583 2385 1660 2415 oc-

149 2450 322 2512 currit-3
363 2449 749 2513 compositorum
788 2458 956 2496 autem
995 2448 1096 2508 οἷπ-,
1138 2450 1225 2509 ὃν,
1265 2450 1351 2506 ἐν·,
1392 2450 1481 2509 ἐπ-,
1520 2471 1658 2518 παρη

148 2538 461 2600 προσοικεῑν
501 2531 760 2578 aoristicae
780 2530 970 2578 formae
1009 2530 1210 2578 omnino
1249 2546 1349 2577 non
1384 2541 1660 2590 occurrunt,

149 2613 237 2661 sed
273 2613 622 2661 tantummodo
654 2612 844 2660 formae
883 2613 1239 2676 praesentieae.

221 2695 373 2743 Verbi
411 2701 597 2763 ὁρμεῖν
637 2695 843 2759 ejusque
873 2695 1261 2759 compositorum
1284 2693 1435 2757 (α’νθ-,
1466 2695 1556 2762 ἐφη
1578 2716 1661 2745 πε-

152 2778 417 2846 ριορμεῖν)
447 2776 795 2824 tantummodo
823 2776 1014 2824 formae
1036 2775 1391 2839 praesentieae,
1414 2775 1461 2822 in
1484 2775 1660 2839 quibus

153 2857 306 2907 multa
334 2858 640 2922 imperfecta,
676 2867 963 2919 occurrunt3
996 2874 1111 2905 nam
1134 2857 1203 2905 IV
1230 2871 1254 2919 7
1264 2871 1309 2919 5,
1336 2873 1360 2904 2
1385 2856 1490 2904 sine
1511 2857 1661 2906 dubio
