2119 3342
1074 225 1137 257 20

342 358 645 426 α’νὸραγαθίαν
700 356 976 423 προτίθεσθαι·
1036 351 1189 421 α’γαθῷ
1244 347 1331 419 γὰρ
1387 347 1525 399 κακὸν
1578 346 1862 415 ἅφανίσαντες

343 448 495 498 κοινῶς
526 441 699 504 μᾶλλον
736 435 1029 503 ὠφέλησαν
1068 432 1094 488 ἦ
1135 434 1182 483 ἐκ
1213 441 1297 482 τῶν
1331 432 1446 482 ἰδίων
1480 427 1734 498 ἔβλαψαν
1764 426 1792 475 i.
1816 443 1860 474 e.

355 536 498 580 „nam
548 516 791 581 ejusmodi
839 515 1066 562 homines
1104 531 1166 562 eo
1206 512 1341 576 quod
1379 511 1569 558 fortiter
1607 525 1661 556 se
1699 524 1864 571 gesse-

348 610 460 647 runt
517 598 625 662 plus
683 598 875 661 patriae
931 596 1221 659 profuerunt
1273 610 1423 656 quam
1471 591 1612 639 factis
1662 589 1866 653 privatis

350 679 673 728 nocuerunt.”
716 677 927 726 Pericles
966 677 1158 724 aoristis
1196 675 1422 742 ὠφέλησαν
1456 683 1507 721 et
1539 670 1739 740 ἔβλαψαν
1772 685 1870 717 non

354 761 515 809 solum
536 760 733 824 respicit
753 770 952 822 tempus
974 775 1072 821 quo
1094 756 1310 820 loquitur
1329 754 1417 802 sed
1439 752 1652 817 quodvis
1672 762 1870 814 tempus

355 844 459 890 sive
479 841 801 905 praeteritum
822 840 926 886 sive
949 838 1179 896 futurum,
1196 853 1296 900 quo
1319 835 1427 898 quis
1447 851 1537 898 pro
1560 833 1719 897 patria
1736 831 1872 879 dimi-

357 934 450 970 cat.
505 923 699 970 Eodem
752 921 904 968 modo
949 919 1186 966 aoristum
1225 915 1651 979 interpretandum
1691 929 1873 961 censeo

359 1004 528 1068 paucis
559 1002 693 1061 locis,
729 1001 908 1065 quibus
941 1001 987 1047 in
1020 998 1276 1047 sententiis
1311 996 1537 1055 occurrit,
1561 995 1641 1058 qui
1666 994 1876 1042 aoristus

360 1096 462 1133 tum
485 1084 811 1148 gnomicus
831 1092 1057 1140 vocatur,
1073 1079 1209 1128 velut
1232 1079 1301 1126 III
1326 1092 1408 1139 45,
1429 1082 1458 1125 6
1479 1081 1555 1128 καὶ
1574 1073 1684 1144 μετὰ
1704 1073 1876 1127 πάντων

360 1163 538 1225 ἕκαστος
558 1164 795 1232 α’λογίστως
815 1165 881 1213 ἐπί
897 1163 1023 1213 πλέον
1043 1184 1080 1212 τι
1103 1161 1233 1211 αὑτὸν
1282 1160 1548 1220 ἐδόξασεν
1579 1157 1607 1205 ἰ.
1632 1175 1674 1206 e.
1711 1156 1748 1204 Si
1770 1155 1879 1219 quis

362 1248 486 1295 inter
518 1245 683 1309 plures
714 1255 951 1300 versatur,
985 1260 1046 1291 eo
1067 1242 1175 1306 ipso
1190 1242 1298 1306 jam
1320 1239 1575 1288 meliorem
1597 1238 1879 1302 opinionem

364 1330 426 1376 de
464 1345 518 1376 se
556 1327 646 1374 sibi
685 1325 1027 1374 conformavit.
1070 1324 1166 1371 Hic
1197 1339 1296 1370 non
1327 1332 1524 1385 ternpus
1559 1319 1880 1384 praeteritum

365 1409 540 1473 respici
572 1418 783 1472 apparet
816 1424 877 1454 ex
915 1414 1250 1470 praesente
1289 1403 1425 1467 quod
1463 1403 1510 1449 in
1533 1402 1712 1449 eodem
1734 1416 1883 1448 enun-

366 1492 490 1539 tiato
540 1489 819 1553 praecedit:
868 1485 1129 1556 προάγει,
1170 1495 1223 1533 ut
1260 1485 1410 1532 etiam
1449 1483 1561 1531 loco
1600 1499 1748 1545 supra
1785 1480 1883 1528 lau-

368 1573 488 1619 dato
523 1571 640 1618 Her.
678 1570 696 1616 I
739 1585 835 1629 194
850 1569 994 1633 juxta
1014 1567 1327 1615 inveniuntur
1348 1565 1558 1613 aoristus
1580 1574 1628 1611 et
1650 1579 1886 1626 praesens

369 1671 459 1701 nec
493 1669 592 1699 non
625 1649 960 1714 compluribus
992 1667 1020 1697 e
1052 1648 1172 1696 locis
1201 1665 1230 1695 a
1263 1646 1450 1694 Steinio
1484 1646 1532 1692 in
1564 1643 1888 1693 annotatione

371 1735 435 1782 ad
473 1750 587 1781 eum
625 1732 788 1779 locum
826 1730 1038 1778 laudatis
1059 1731 1108 1792 1).

447 1815 574 1862 Cum
631 1812 874 1877 ejusmodi
927 1811 1119 1859 aoristis
1167 1826 1267 1857 non
1313 1818 1426 1856 sunt
1476 1805 1809 1855 confundendi
1862 1805 1891 1852 ii

375 1896 540 1945 aoristi
580 1895 758 1958 quibus
797 1910 857 1941 ea
897 1909 1028 1956 quae
1058 1891 1329 1939 identidem
1364 1899 1591 1952 tempore
1625 1885 1893 1950 praeterito

375 1995 465 2026 usu
532 1985 777 2024 venerunt
845 1972 1155 2036 complexive
1224 1970 1726 2034 comprehenduntur,
1792 1984 1892 2030 quo

376 2060 676 2107 documento
727 2056 954 2104 homines
999 2055 1080 2118 qui
1129 2070 1256 2101 nunc
1295 2053 1469 2100 vivunt
1508 2060 1803 2098 moneantur
1842 2058 1896 2095 ut

378 2140 496 2203 quid
541 2138 724 2186 faciant
771 2137 877 2184 sive
916 2153 979 2183 ne
1017 2136 1134 2198 quid
1171 2134 1369 2181 faciant.
1413 2133 1448 2180 Ii
1490 2131 1654 2179 aoristi
1695 2129 1895 2194 proprio

380 2220 579 2269 nomine
618 2218 894 2281 empirici
934 2217 1026 2265 dici
1060 2226 1282 2279 possunt,
1314 2214 1483 2263 valent
1505 2223 1672 2260 autem
1694 2228 1895 2275 prorsus

380 2302 512 2349 idem
568 2299 704 2362 quod
761 2298 927 2346 aoristi
984 2296 1280 2360 complexivi
1338 2296 1419 2358 (de
1477 2294 1654 2357 quibus
1711 2293 1894 2355 supra).

384 2384 445 2430 Iis
474 2382 594 2429 locis
622 2380 926 2443 plerumque,
949 2379 1081 2441 apud
1103 2377 1448 2440 Thucydidem
1469 2391 1682 2438 semper,
1706 2373 1899 2421 aoristis

436 2557 469 2600 1)
495 2555 683 2597 Herbigius
721 2553 759 2596 (1.
782 2553 804 2585 l.
842 2563 876 2594 p.
913 2549 1116 2592 249—261)
1151 2550 1294 2581 aoristos
1330 2547 1529 2590 gnomicum
1564 2550 1598 2578 et
1634 2544 1904 2587 comparativum

385 2614 423 2657 (i.
439 2625 467 2646 e.
490 2614 550 2645 ine
572 2613 717 2644 aoristus
739 2611 799 2653 qui
821 2609 966 2641 occurrit
989 2609 1024 2639 in
1046 2607 1364 2649 comparationibus
1387 2605 1511 2648 epicis)
1533 2604 1636 2635 habet
1660 2613 1722 2645 pro
1747 2602 1903 2644 reliquiis

387 2672 458 2713 ejus
496 2671 615 2712 aetatis7
650 2680 718 2710 qua
732 2667 846 2706 „verbi
881 2672 1038 2708 tempora
1073 2665 1185 2696 adhuc
1219 2663 1373 2695 adhibita
1409 2663 1477 2694 sint
1515 2659 1808 2703 „zeitstufenlos”‚
1835 2669 1905 2701 qua

387 2729 491 2770 igitur
529 2726 807 2758 indicativus
847 2733 1028 2766 quoque
1067 2722 1228 2754 aoristi
1266 2732 1352 2752 non
1390 2725 1565 2761 tempus
1602 2717 1905 2760 praeteritum

389 2783 736 2826 significaverit
769 2782 845 2813 sed
879 2780 998 2812 nihil
1033 2779 1121 2810 nisi
1155 2779 1381 2810 actionem
1416 2776 1739 2819 perfectivam3
1776 2773 1818 2805 cf.
1856 2773 1905 2805 M.

389 2843 513 2873 BREAL
538 2842 604 2872 Les
630 2842 942 2872 commencements
970 2837 1015 2869 du
1042 2837 1157 2879 verbe,
1185 2837 1289 2868 Mem.
1313 2835 1355 2867 de
1381 2835 1414 2866 la
1440 2845 1509 2866 soc.
1538 2833 1580 2865 de
1606 2832 1713 2874 lingu.
1742 2831 1784 2862 de
1810 2830 1904 2863 Paris

390 2899 440 2931 XI
465 2897 589 2941 (1900)
611 2908 645 2939 p.
674 2896 740 2938 278
767 2907 818 2938 sq.
1854 2883 1857 2885 Α
