2119 3342
1092 202 1155 248 50

361 332 395 380 εἰ
430 331 645 398 ἐβουλήθη
685 329 880 393 (-θησαν)
903 349 956 365 =
978 328 1018 375 si
1047 327 1285 376 voluisset
1314 329 1546 392 (-issent)3
1582 345 1708 391 quos
1727 328 1875 392 igitur

361 409 499 458 locos
536 411 613 458 hic
652 427 750 458 non
789 409 940 457 fusius
978 409 1314 457 tractabimus
1358 410 1535 457 Restat
1567 419 1620 456 ut
1653 409 1874 458 dieamus

364 491 426 539 de
474 492 668 539 duobus
718 490 916 554 reliquis
965 489 1100 548 loeis,
1152 492 1234 554 qui
1285 501 1399 539 sunt
1447 491 1521 537 hi:
1569 491 1588 537 I
1630 506 1710 551 34,
1756 507 1778 537 2
1822 493 1879 550 ὡς

365 572 411 623 δὲ
449 574 629 628 ἠδίκουν
668 574 798 640 σαφές
836 575 970 624 ἐστιν·
1011 573 1321 640 προκληθέντες
1358 569 1443 640 γὰρ
1480 573 1568 639 περὶ
1609 569 1878 640 Ἐπιδάμνου

365 655 406 713 ἐς
455 658 588 722 κρίσιν
635 653 805 722 πολέμῳ
853 658 1025 721 μᾶλλον
1076 654 1102 708 ἢ
1154 663 1211 724 τῷ
1263 659 1335 721 ἴσῳ
1387 654 1776 721 ἐβουλήθησαν
1826 649 1880 703 τὰ

366 736 627 802 ἐγκλήματα
675 738 915 802 μετελθεῖν;
954 752 1057 783 aor.
1100 745 1174 782 est
1213 734 1541 782 constativus:
1582 744 1879 798 argumento

367 826 442 864 est
475 817 635 880 quod
666 815 998 864 voluerunt
1028 827 1138 873 etc„
1171 816 1220 863 id
1254 816 1387 879 quod
1421 816 1510 878 ipsi
1543 833 1671 863 nunc
1704 815 1879 863 vestris

368 897 525 945 oculis*
573 897 765 945 videtis.
826 897 1001 946 Altero
1058 897 1168 945 loco
1227 897 1270 943 II
1329 914 1411 958 42,
1471 914 1502 958 4
1561 896 1769 945 Pericles
1819 897 1882 944 de

369 979 571 1026 mortuis
601 996 726 1042 quos
754 977 1041 1026 laudatione
1062 978 1279 1026 celebrat
1308 978 1449 1025 dicit:
1489 979 1882 1046 ἐβουλήθησαν

367 1058 457 1128 μετ’
497 1058 628 1110 αὐτοῦ
666 1059 713 1123 (i.
738 1077 780 1108 θ.
820 1066 894 1110 τοῦ
932 1058 1153 1123 κινδύνου)
1190 1058 1289 1120 τοὺς
1326 1059 1404 1128 μὲν
1442 1064 1716 1127 τιμωρεῖσθαι
1756 1064 1881 1121 κτλ.;

368 1143 445 1190 hie
484 1158 686 1205 quoque
724 1159 827 1189 aor.
869 1152 944 1189 est
983 1141 1314 1189 constativus:
1356 1141 1385 1188 ii
1425 1159 1633 1205 quorum
1673 1158 1884 1205 corpora

370 1224 447 1271 hic
473 1224 691 1288 jacentia
711 1224 888 1271 videtis
919 1222 1258 1271 voluerunt
1291 1234 1403 1283 ete„
1431 1223 1479 1271 id
1502 1224 1636 1287 quod
1656 1224 1885 1271 omnibus

371 1305 513 1354 vobis
552 1322 708 1368 nuper
745 1305 980 1352 accidisse
1018 1315 1190 1352 notum
1230 1314 1305 1352 est
1345 1305 1422 1367 (ef.
1465 1323 1590 1352 aorr.
1633 1305 1714 1369 qui
1747 1322 1885 1368 prae-

373 1387 554 1435 cedunt
610 1388 900 1454 ἐμοιλακίσθη,
960 1387 1190 1455 ἀναβολὴν
1230 1416 1297 1421 --
1337 1388 1564 1442 ἐποιήσατο
1621 1396 1671 1434 θῖ
1726 1387 1756 1433 ii
1804 1386 1886 1450 qui

374 1479 644 1532 sequuntur
693 1466 862 1535 ἔφυγον,
906 1468 1150 1535 ὑπέμειναν,
1206 1467 1544 1536 α’πηλλοὶγησαν,
1597 1468 1678 1531 qui
1719 1468 1887 1516 aoristi

374 1567 548 1598 omnes
604 1559 716 1597 sunt
771 1549 1067 1613 constativi).
1122 1549 1394 1597 Infinitivus
1445 1566 1548 1597 aor.
1603 1550 1803 1597 omnino
1860 1565 1882 1596 2

375 1632 607 1680 occurrit:
647 1630 765 1677 VIII
806 1635 888 1691 46,
938 1648 955 1678 Ι
999 1632 1177 1699 παρῄνει
1217 1631 1264 1681 δὲ
1303 1636 1376 1681 καὶ
1414 1641 1472 1701 τῷ
1511 1631 1778 1703 Τισσαφέρνη
1820 1631 1887 1698 μὴ

377 1711 492 1781 ἄγαν
514 1714 744 1780 ἐπείγεσθαι
766 1715 970 1763 διαλῦσαι
991 1712 1062 1762 τὲν
1082 1712 1286 1780 πόλεμον,
1308 1711 1423 1780 μηδὲ
1454 1716 1800 1781 βουληθῆναι
1821 1742 1888 1747 -
1910 1760 1914 1765 ,

374 1801 461 1854 τοῖς
500 1792 643 1853 αὐτοῖς
680 1802 756 1853 τῆς
793 1815 834 1843 τε
863 1802 945 1861 γῆς
977 1797 1053 1843 καὶ
1081 1802 1158 1854 τῆς
1190 1792 1414 1854 θαλάσσης
1446 1794 1492 1843 τὸ
1525 1791 1679 1861 κροέτος
1712 1796 1889 1854 ἂοῦναις

377 1876 560 1924 aoristo
628 1874 860 1922 voluntas
927 1892 1077 1937 quam
1144 1875 1358 1922 maxime
1414 1874 1721 1923 diminuitur:
1788 1892 1891 1937 „ne

376 1955 688 2006 tantillum
741 1956 984 2019 quidem
1023 1955 1218 2004 vellet
1257 1957 1384 2004 etc.'’
1426 1956 1522 2020 (Ex
1562 1951 1788 2004 Classeni
1825 1958 1890 2004 in-

377 2038 732 2102 terpretatione
759 2055 841 2098 „er
862 2044 1026 2085 musse
1046 2055 1137 2102 gar
1158 2038 1290 2085 nieht
1317 2056 1383 2085 zu
1416 2038 1548 2085 dem
1580 2038 1892 2086 VVunsche

378 2119 697 2168 kommen”
733 2136 977 2183 apparere
997 2119 1191 2166 videtur
1210 2118 1342 2166 illum
1365 2120 1601 2167 aoristum
1622 2123 1891 2188 βουληθῆναι

378 2203 610 2250 habuisse
660 2218 750 2265 pro
800 2202 1091 2265 ingressivo,
1143 2218 1273 2264 quae
1323 2201 1679 2265 interpretatio,
1722 2219 1892 2265 quam-

380 2301 530 2348 quam
582 2299 680 2330 non
731 2282 798 2329 ita
838 2281 1045 2329 multum
1085 2299 1114 2329 a
1154 2300 1265 2330 mea
1305 2282 1483 2339 differt,
1525 2293 1692 2330 tamen
1732 2283 1892 2330 minus

375 2366 510 2429 justa
561 2363 676 2410 mihi
727 2363 958 2426 videtur.)
1008 2362 1183 2410 Altero
1235 2363 1346 2411 loeo
1400 2381 1498 2427 quo
1546 2364 1677 2412 infin.
1726 2364 1892 2411 aoristi

382 2445 590 2493 occurrit
629 2444 768 2507 (VIII
814 2449 894 2505 56,
942 2461 966 2505 3
1008 2447 1131 2494 δοκεῖ
1163 2445 1216 2495 δέ
1239 2467 1312 2513 μοι
1352 2450 1426 2495 καὶ
1467 2451 1490 2495 ὁ
1530 2446 1817 2513 Τισσαφέρνης
1849 2446 1895 2495 τὸ

384 2526 487 2578 αὐτὸ
525 2528 895 2594 βουληθῆναι)
936 2524 1082 2573 solito
1122 2543 1260 2574 more
1292 2526 1532 2575 infinitivo
1565 2526 1732 2574 aoristi
1765 2526 1894 2574 actio

384 2607 649 2671 praeterita
687 2606 944 2654 indicatur.

457 2689 621 2736 Etiam
671 2689 863 2736 verba
913 2688 1253 2736 affectuum
1302 2707 1430 2753 quae
1481 2690 1704 2737 dicuntur
1751 2707 1894 2737 Suum

384 2770 547 2818 locum
598 2769 784 2817 habent
834 2770 958 2817 inter
1008 2787 1068 2817 ea
1105 2771 1260 2818 verba
1299 2789 1427 2834 quae
1465 2771 1629 2834 plures
1667 2787 1895 2833 praesen-

385 2852 508 2899 ticas
557 2867 707 2912 quam
757 2850 1009 2898 aoristicas
1053 2850 1239 2899 formas
1277 2852 1538 2913 exhibent3
1579 2851 1727 2899 animi
1766 2852 1896 2900 enim
