2119 3342
1083 202 1145 246 26

349 339 378 389 i.
415 357 456 389 e.
519 340 941 404 „quotiescunque
991 340 1100 404 quis
1152 358 1205 389 se
1250 340 1489 403 recipiens
1527 339 1867 403 intercipie-

350 421 544 480 batur‚
585 421 976 470 necabatur''.

423 503 549 550 Cum
590 503 878 566 imperfecto
917 503 1145 551 iterativo
1185 521 1350 551 rursus
1390 504 1627 551 cohaeret
1657 503 1867 566 imper-

348 584 575 631 fectum
623 584 1083 648 descripfflvum,
1135 603 1234 649 quo
1288 585 1571 632 adhibendo
1610 601 1772 647 aeque
1810 600 1869 631 ac

347 665 576 713 iterativo
610 666 816 729 scriptor
848 667 1026 714 seriem
1058 677 1424 714 momentorum
1446 665 1724 730 significare
1745 664 1865 713 vult.

352 746 466 794 Hoc
515 756 684 795 tamen
735 748 938 795 interest
985 748 1111 795 inter
1160 748 1255 796 hoc
1303 765 1362 796 ac
1410 748 1545 811 impf.
1586 747 1868 795 durativum

347 827 745 892 iterativumque,
798 829 934 892 quod
984 828 1273 892 imperfecto
1324 828 1623 892 descriptivo
1661 827 1870 890 scriptor

347 925 511 971 neque
533 909 955 957 continuationem
976 910 1182 957 actionis
1203 927 1366 974 neque
1386 909 1697 957 iterationem
1712 925 1801 972 per
1816 925 1870 956 se

347 990 530 1038 indicat
579 991 669 1038 sed
715 991 767 1038 id
820 992 924 1055 agit
963 1001 1016 1039 ut
1053 991 1300 1039 actionem
1341 991 1660 1055 depingat,
1701 990 1869 1038 animo

349 1070 547 1118 lectoris
599 1083 1065 1135 repraesentet3
1119 1073 1177 1120 cf.
1220 1073 1485 1136 descriptio
1525 1071 1693 1120 classis
1732 1070 1869 1120 Pelo-

349 1153 622 1216 ponnesiae
679 1154 909 1202 turbatae
968 1154 1011 1201 II
1073 1157 1153 1215 84,
1211 1171 1267 1215 3:
1320 1157 1377 1214 ὡς
1429 1152 1476 1205 δὲ
1523 1153 1570 1204 τό
1620 1175 1661 1204 τε
1699 1159 1871 1221 πνεῦμα

352 1235 547 1304 κατῄει
597 1237 671 1286 καὶ
720 1237 767 1285 αἱ
812 1244 908 1296 νῆες
952 1265 1021 1270 —
1059 1233 1446 1304 ἐταράσσοντο,
1487 1239 1562 1286 καὶ
1594 1240 1700 1295 ναῦς
1738 1256 1780 1284 τε
1800 1238 1869 1293 νηὶ

348 1316 680 1384 προσέπιπτε
726 1321 800 1367 καὶ
837 1323 923 1377 τοῖς
962 1324 1125 1378 κοντοῖς
1164 1319 1513 1376 διεωθοῦντο,
1553 1320 1638 1385 βοῇ
1675 1337 1717 1366 τε
1756 1314 1870 1384 χρώ-

348 1418 467 1463 μενοι
507 1427 575 1432 ——
608 1395 730 1448 οὐδὲν
761 1399 1095 1458 κατήκουον,
1127 1401 1202 1449 καὶ
1235 1428 1304 1434 —
1334 1398 1627 1466 οἷπειθεστέρας
1659 1395 1736 1457 τὰς
1766 1402 1872 1456 ναῦς

347 1484 632 1548 παρεῖχον,
680 1480 770 1531 τότε
818 1480 874 1537 δὴ
925 1485 1045 1540 κτλ.;
1087 1498 1148 1528 ex
1188 1498 1288 1544 quo
1328 1479 1437 1528 loco
1479 1478 1620 1526 simul
1660 1488 1871 1542 apparet

349 1576 448 1606 non
480 1577 680 1623 semper
712 1562 868 1625 rigide
899 1562 1088 1624 imperf.
1114 1562 1467 1624 descriptivum
1489 1560 1698 1608 discerni
1718 1575 1869 1623 posse

349 1657 378 1688 a
417 1641 645 1690 durativo
685 1643 790 1690 sive
828 1643 1082 1703 iterativo3
1124 1643 1190 1690 sic
1230 1652 1400 1690 nostro
1438 1641 1550 1689 loco
1581 1640 1870 1705 imperfecta

349 1723 594 1790 προσέπιπτε
627 1734 678 1771 et
709 1726 956 1774 διεωθοῦντο
991 1741 1155 1787 aequo
1182 1724 1293 1788 jure
1326 1723 1556 1771 iterativa
1588 1733 1638 1770 et
1658 1721 1869 1784 descrip-

348 1805 451 1852 tiva
483 1805 641 1865 dicas3
677 1816 938 1869 praeterea
959 1823 1019 1854 ea
1041 1823 1171 1869 quae
1193 1805 1542 1869 depinguntur,
1567 1803 1870 1867 aliquamdiu

347 1887 526 1934 durent
564 1904 768 1935 necesse
807 1897 910 1947 est3
951 1887 1240 1951 saepissime
1271 1886 1419 1950 igitur
1452 1885 1639 1949 ambigi
1669 1884 1867 1948 poterit,

349 1968 767 2031 descriptivumne
818 1986 881 2016 an
933 1969 1216 2016 durativum
1267 1985 1330 2016 an
1373 1967 1655 2016 iterativum
1694 1967 1870 2029 imper-

348 2049 532 2097 fectum
572 2050 827 2112 quoddam
866 2050 959 2097 dici
999 2060 1243 2112 oporteat.

422 2130 857 2178 Incohativum
898 2148 1099 2194 quoque
1141 2131 1276 2194 quod
1316 2130 1488 2178 dicitur
1527 2129 1869 2193 imperfectum

351 2212 548 2275 proprie
569 2211 633 2258 nil
656 2222 730 2259 est
751 2212 839 2259 nisi
861 2213 1142 2260 durativum
1165 2213 1289 2275 (sive
1312 2212 1506 2275 descr.).
1527 2210 1869 2259 Incohativum

352 2303 519 2340 autem
553 2293 894 2356 imperfectum
935 2293 1154 2352 dicimus,
1191 2311 1302 2340 cum
1337 2311 1364 2340 e
1399 2302 1634 2340 contextu
1659 2300 1872 2354 apparet

350 2391 449 2421 non
507 2374 658 2421 modo
710 2374 915 2422 actionis
968 2391 1290 2438 progressum
1342 2375 1430 2422 sed
1482 2374 1632 2421 etiam
1682 2372 1869 2420 initium

350 2455 639 2519 imperfecto
679 2455 821 2503 simul
861 2455 1114 2515 contineri,
1149 2454 1286 2504 velut
1326 2455 1372 2502 V
1414 2459 1569 2517 65,4
1609 2456 1682 2505 καὶ
1722 2452 1869 2521 α’φικό-

349 2557 477 2604 μενος
516 2557 592 2604 προ
597 2559 617 2596 ς
655 2536 733 2592 τὶν
774 2544 971 2603 Τεγεᾶτιν
1009 2538 1058 2586 τὲ
1096 2534 1212 2604 ὕδωρ
1250 2538 1334 2597 ε’ξε
1317 2538 1497 2604 ίετρεπ
1481 2558 1531 2586 εν
1570 2538 1610 2596 ἐς
1648 2535 1725 2591 τὴν
1748 2543 1869 2584 Μαν-

349 2618 513 2672 τινικίν
571 2617 599 2664 i.
659 2634 702 2664 e.
764 2635 874 2664 cum
925 2618 972 2664 in
1024 2634 1202 2680 agrum
1253 2618 1583 2681 Tegeaticum
1633 2617 1866 2672 venisset,

353 2699 559 2761 coepit
581 2715 763 2760 aquam
785 2698 1011 2746 derivare
1041 2709 1099 2746 et
1119 2698 1500 2763 aliquamdiu
1531 2698 1642 2745 hoc
1664 2697 1869 2744 facere

352 2779 642 2843 perrexit.
686 2779 875 2827 Contra
913 2779 976 2827 ib.
1017 2781 1047 2842 ἓ
1089 2794 1112 2840 5
1157 2782 1236 2830 καιΙ
1270 2785 1293 2829 ὁ
1324 2779 1402 2847 μὲν
1436 2782 1586 2846 μείνας
1617 2776 1748 2828 αὐτοῦ
1780 2780 1872 2845 περί

350 2862 396 2911 τὸ
429 2858 544 2928 ὕδωρ
578 2860 877 2930 ἐξέτρεπεν
911 2860 1250 2927 imperfectum
1285 2877 1419 2912 mere
1452 2859 1731 2911 durativum
1765 2869 1864 2910 est:
