2119 3342
1071 215 1161 247 112

359 362 418 406 43
471 348 550 405 36,
607 360 657 404 23
711 342 779 388 VI
833 354 915 402 47,
977 358 1015 388 1.
1069 341 1144 402 (In
1195 338 1304 387 loco
1357 339 1422 386 III
1476 343 1556 396 61,
1618 355 1641 385 2
1697 336 1774 388 οὐκ
1818 337 1873 389 ἂν

357 423 612 493 ᾐτησάμεθα
662 423 872 471 aoristus
910 421 1184 469 secundum
1222 438 1364 468 usum
1402 418 1664 482 vulgatum
1704 419 1786 482 qui
1825 418 1872 465 in

357 506 620 555 enuntiatis
678 503 1007 568 hypotheticis
1063 500 1197 550 valet
1255 511 1518 565 usurpatus
1575 510 1677 547 est:
1745 515 1871 561 „non

358 586 771 652 petivissemus”.)

582 823 611 884 ξ
655 834 697 883 7.
741 820 832 867 De
870 818 1264 882 imperfecto
1303 817 1661 881 petitivo1).

430 933 673 998 Imprimis
740 932 834 978 huc
899 930 1141 994 pertinent
1208 930 1474 977 verborum
1532 927 1715 976 eundi
1772 926 1876 974 sive

358 1015 616 1064 ducendi
685 1012 975 1076 imperfecta
1033 1028 1162 1074 quae
1220 1010 1499 1075 significant
1556 1007 1877 1057 hostiliter

358 1098 462 1145 sive
517 1095 746 1143 infeste
798 1093 903 1141 sive
960 1109 1182 1155 magno
1233 1092 1466 1154 impetu
1516 1101 1731 1154 petere
1779 1088 1877 1137 ali-

360 1196 533 1244 quem
589 1177 694 1224 sive
749 1174 1000 1238 aliquid,
1059 1175 1163 1222 sive
1222 1174 1420 1237 proprio
1477 1173 1580 1220 sive
1637 1170 1877 1220 translato

358 1278 521 1317 sensu,
577 1257 714 1306 velut
769 1256 1058 1320 imperfecta
1114 1255 1380 1303 verborum
1440 1256 1575 1305 ἰέναι
1623 1263 1673 1301 et
1723 1251 1878 1320 ἄγειν

359 1358 632 1404 eorumque
672 1339 1077 1402 compositorum.

430 1423 583 1472 Verbi
635 1422 771 1472 ἰέναι
824 1419 957 1483 impf.
1016 1419 1083 1466 ita
1134 1419 1342 1467 occurrit
1395 1417 1465 1464 VI
1521 1432 1600 1479 33,
1655 1419 1683 1463 6
1723 1417 1785 1466 ἐπὶ
1822 1424 1878 1482 τῷ

360 1506 539 1574 ὀνόματι
577 1507 633 1563 ὡς
672 1500 731 1553 ἐπ’
769 1499 955 1561 Ἀθήνας
993 1500 1075 1569 ᾔει
1116 1501 1159 1563 (ὁ
1197 1501 1370 1563 Μῆδος)
1409 1509 1704 1563 „propterea
1743 1496 1880 1560 quod

360 1588 542 1635 Persae
607 1584 836 1632 Athenas
900 1582 1134 1647 petivisse
1200 1580 1546 1642 ferebantur'’3
1618 1589 1880 1643 praeterea

360 1669 495 1733 impf.
530 1668 682 1716 tribus
710 1665 829 1713 locis
863 1664 1072 1712 occurrit
1104 1663 1151 1710 in
1181 1662 1427 1710 locutione
1457 1664 1500 1722 ές
1530 1667 1678 1730 χεῖρας
1712 1656 1878 1728 {oo-ow:

363 1751 405 1797 II
461 1766 505 1811 3,
545 1766 605 1810 43
647 1749 713 1794 III
761 1760 871 1808 107,
913 1763 972 1807 43
1014 1745 1084 1792 IV
1126 1759 1205 1806 72,
1251 1761 1294 1805 3.
1336 1742 1606 1791 Translate
1645 1741 1880 1805 impfecto

363 1831 564 1896 petendi
618 1829 755 1877 notio
806 1828 932 1875 inest
982 1829 1000 1874 I
1061 1843 1101 1886 1,
1163 1843 1179 1873 1
1237 1826 1297 1876 ἔτι
1349 1823 1622 1893 ἀκμάζοντές
1660 1845 1701 1874 τε
1739 1819 1880 1890 ἦσαν

363 1915 403 1974 ἐς
441 1911 569 1964 αὐτὸν
610 1913 657 1975 (i.
681 1928 723 1959 e.
763 1911 834 1960 τὸν
871 1910 1077 1976 πόλεμον)
1116 1907 1342 1975 ἀμφότεροι
1382 1911 1475 1957 κτλ.
1513 1906 1560 1970 (i.
1584 1923 1625 1953 e.
1670 1902 1880 1966 „bellum

364 1991 792 2059 capessive1·unt''3
851 1988 1020 2055 procul
1071 1989 1220 2037 dubio
1270 1987 1540 2052 legendum
1587 1996 1663 2035 est
1712 1982 1881 2054 ἦσαν,

365 2094 463 2124 non
512 2071 656 2131 ἦσαν
707 2073 842 2137 quod
891 2073 1050 2137 major
1101 2088 1214 2134 pars
1273 2070 1498 2117 codicum
1555 2067 1770 2127 exhibet,
1819 2066 1883 2114 de

366 2175 466 2221 qua
515 2174 567 2205 re
618 2156 676 2204 cf.
724 2155 913 2218 Steupii
971 2151 1259 2214 „Anhang”
1311 2152 1376 2198 ad
1426 2149 1611 2212 locum)
1662 2159 1712 2196 et
1761 2148 1880 2195 VIII

367 2255 449 2299 92,
477 2255 499 2286 2
537 2234 564 2306 ἦ
575 2258 675 2289 σαν
709 2238 771 2287 ἐπὶ
803 2234 857 2286 τὰ
880 2234 1124 2303 πράγματα
1153 2250 1258 2295 „res
1279 2231 1499 2295 publicas
1521 2227 1880 2294 appetebant'’,

367 2338 479 2368 cum
525 2337 626 2383 quo
676 2317 785 2366 loco
825 2315 1178 2365 eonferendum
1219 2324 1293 2362 est
1333 2313 1381 2360 id
1422 2312 1556 2376 quod
1595 2311 1775 2374 legitur
1813 2309 1882 2357 VI

370 2415 451 2464 57,
499 2418 515 2448 1
561 2403 600 2461 ἐς
636 2401 683 2450 τὸ
721 2399 840 2468 ἔργον
880 2408 1127 2468 προῇσαν
1175 2397 1251 2458 „id
1289 2405 1500 2459 egerunt
1538 2404 1592 2441 ut
1624 2391 1881 2440 consilium

367 2482 715 2547 peragerent''.

420 2657 454 2701 1)
476 2657 529 2691 Cf.
552 2667 655 2698 supra
677 2666 710 2698 p.
734 2663 778 2696 29
800 2665 852 2696 sq.
867 2652 1072 2695 Imperfecta
1087 2663 1203 2684 eorum
1217 2652 1401 2683 verborum
1416 2660 1503 2692 quae
1516 2653 1646 2681 motum
1659 2647 1813 2680 indicant
1827 2646 1883 2679 hic

366 2719 506 2747 eatenus
532 2718 665 2746 tantum
690 2717 834 2744 tractata
856 2715 946 2754 sunt,
973 2714 1142 2752 quatenus
1169 2710 1211 2741 ad
1234 2720 1342 2751 genus
1366 2709 1549 2751 petitivum
1571 2706 1743 2748 pertinere
1765 2705 1883 2736 viden-

369 2777 435 2804 tur.
474 2772 629 2812 Quorum
666 2772 848 2802 verborum
886 2779 974 2810 quae
1012 2768 1215 2809 imperfecta
1251 2767 1330 2798 aliis
1368 2765 1572 2797 notionibus
1611 2767 1690 2795 sunt
1727 2762 1884 2804 praedita

369 2829 479 2873 (velut
513 2830 634 2872 iterat.,
669 2827 844 2870 descript..,
878 2824 1047 2868 incohat.)
1074 2825 1201 2867 partim
1227 2825 1297 2856 suis
1323 2824 1409 2855 locis
1435 2822 1486 2865 (ἐξ
1513 2831 1545 2865 2,
1572 2830 1604 2864 3,
1630 2830 1652 2861 4
1678 2819 1778 2863 alibi)
1805 2823 1885 2851 sunt

369 2887 517 2919 laudata.
552 2887 606 2918 De
632 2885 744 2918 verbis
770 2895 858 2927 quae
884 2888 1015 2916 motum
1041 2882 1236 2925 significant
1262 2882 1298 2914 in
1323 2881 1521 2913 universum
1546 2889 1643 2921 agam
1669 2877 1758 2909 infra
1783 2875 1800 2919 ξ
1827 2885 1881 2917 24.
