2134 3378
726 799 1239 845 CONSPECTUS.

783 1039 941 1082 PARS
981 1038 1182 1081 PRIOR.
1504 1000 1530 1026 ε

1708 1134 1776 1166 pag.

195 1194 482 1234 PRAEFATIO
509 1213 1627 1231 ................
1757 1192 1771 1220 1

194 1272 359 1314 CAPUT
388 1279 597 1311 PRIMUM.
633 1269 711 1308 De
745 1265 1087 1320 imperfecti
1121 1269 1176 1304 et
1209 1262 1419 1303 aoristi
1448 1275 1547 1301 usu
1576 1261 1629 1300 in

252 1364 464 1405 genere
500 1351 842 1403 disputatur
877 1372 1628 1386 ...........
1751 1352 1780 1390 4

194 1433 359 1474 CAPUT
387 1439 640 1472 ALTERUM.
665 1429 744 1469 De
773 1424 1110 1480 imperfecti
1141 1429 1195 1463 et
1224 1422 1437 1463 aoristi
1467 1434 1631 1474 quem

253 1512 306 1552 in
339 1508 686 1562 Thucydide
720 1504 1221 1560 deprehendimus
1255 1515 1366 1542 usu.

255 1591 312 1631 A.
345 1591 413 1631 De
442 1589 587 1630 variis
619 1587 759 1628 modis
791 1585 945 1638 quibus
977 1584 1281 1637 2'7szerfect2cm
1314 1581 1560 1622 adhibetur-

314 1677 333 1717 ς
373 1682 406 1710 1.
441 1670 510 1709 De
544 1666 808 1721 imperfecto
843 1664 1050 1706 durativo
1105 1692 1631 1702 ........
1728 1668 1778 1712 35

315 1757 334 1797 S
371 1761 408 1790 2.
443 1750 512 1789 De
546 1747 812 1801 imperfecto
847 1744 1056 1785 iterativo
1105 1773 1632 1782 ........
1731 1739 1781 1792 58

316 1836 335 1876 §
370 1841 407 1882 3.
442 1829 511 1869 De
545 1826 811 1880 imperfecto
846 1824 1122 1877 descriptivo
1178 1852 1210 1861 ..
1251 1853 1258 1861 .
1327 1853 1334 1861 .
1401 1854 1409 1861 .
1476 1853 1484 1860 .
1551 1853 1559 1860 .
1627 1853 1634 1860 .
1728 1820 1783 1859 68

317 1916 335 1956 S
369 1921 409 1960 4.
443 1908 513 1948 De
547 1906 812 1959 imperfecto
845 1903 1106 1944 incohativo
1181 1931 1634 1941 .......
1729 1908 1783 1952 77

318 1995 336 2035 S
374 1997 409 2040 5.
444 1988 513 2027 De
547 1985 811 2039 imperfecto
846 1983 1056 2023 conativo
1106 2011 1634 2022 ........
1730 1980 1781 2030 85

319 2075 337 2114 ἓ
372 2067 412 2108 6.
447 2067 516 2106 De
550 2064 814 2118 imperfecto
849 2061 1161 2116 exspectativo
1184 2090 1637 2101 .......
1731 2059 1786 2111 98

320 2154 338 2194 S
373 2156 412 2200 7.
446 2147 516 2186 De
550 2143 814 2198 imperfecto
849 2142 1040 2196 petitivo
1111 2170 1638 2180 ........
1708 2148 1786 2177 112

320 2234 338 2274 §
373 2227 410 2267 8.
446 2226 515 2266 De
549 2224 814 2278 imperfecto
848 2223 1069 2263 attentivo
1111 2249 1639 2260 ........
1710 2217 1787 2257 118

322 2314 341 2353 5
375 2319 415 2360 9.
449 2306 518 2346 De
551 2303 817 2358 imperfecto
850 2315 953 2342 cum
988 2300 1228 2354 negatione
1263 2298 1507 2352 conjuncto
1562 2307 1790 2347 120—124

426 2586 584 2628 PARS
617 2585 879 2627 ALTERA
912 2584 1130 2639 (nondum
1163 2583 1206 2623 in
1240 2582 1386 2622 lucem
1421 2581 1573 2634 edita).

272 2721 320 2761 Β.
354 2720 422 2760 De
452 2718 596 2760 variis
628 2717 766 2758 modis
798 2715 950 2769 quibus
980 2714 1172 2756 aoristus
1206 2712 1452 2754 adhibetur.

329 2807 347 2846 §
392 2810 455 2839 10.
489 2799 558 2838 De
591 2797 758 2837 aoristo
797 2795 1056 2848 ingressivo.

327 2885 346 2925 ἓ
385 2890 448 2918 11.
484 2878 552 2918 De
587 2876 752 2916 aoristo
787 2874 1010 2915 effectivo.
