2119 3342
1074 180 1136 239 58

352 318 472 388 παρὰ
520 318 618 380 τοὺς
666 317 826 380 ἄλλους
859 316 1126 388 ξυμμάχους
1163 319 1193 366 i.
1217 335 1258 366 e.
1306 319 1424 376 „iter
1462 318 1624 366 facere
1664 317 1870 365 instituit

355 402 425 464 (et
463 401 764 464 aliquamdiu
802 401 892 448 iter
929 399 1226 464 faciebat)'';
1261 400 1344 447 ubi
1377 399 1509 463 impf.
1544 398 1738 462 legitur,
1773 397 1871 462 ple-

356 500 563 546 rumque
614 482 764 530 fusius
814 482 877 530 de
927 482 1098 529 itinere
1147 491 1386 540 narratur,
1428 498 1558 544 quae
1595 491 1740 544 gesta
1778 479 1874 527 sint

355 564 641 627 priusquam
679 564 745 611 ad
778 563 926 611 finem
959 562 1144 610 itineris
1177 563 1237 610 sit
1269 573 1588 626 perventum:
1623 561 1682 609 cf.
1718 562 1760 608 II
1790 563 1871 620 98,

364 661 380 692 1
415 642 624 713 ἐπορεῦετο
647 645 773 709 (bis).
798 644 1097 692 Indieativus
1118 643 1284 691 aoristi
1304 643 1458 692 semel
1480 654 1672 691 tantum
1695 641 1874 707 legitur

357 727 376 773 I
402 731 481 784 26,
518 743 541 773 2
572 723 945 795 ἐπορεύθησαν
977 724 1023 776 δὲ
1043 734 1149 795 πεζῇ
1174 728 1214 786 ἐς
1238 723 1528 776 Ἀπολλωνίαν
1549 746 1556 773 ;
1580 725 1670 773 iter
1691 741 1876 772 memo-

357 818 491 855 ratur
527 818 739 866 tanturn,
774 824 874 855 non
907 806 1196 855 describitur
1229 808 1350 870 (aor.
1383 810 1631 870 constat.).
1665 805 1877 853 Duobus

357 888 475 936 locis
523 889 731 937 occurrit
775 888 908 936 infin.
949 905 1071 948 aor.,
1111 888 1159 935 vi
1198 887 1497 936 effectiva
1535 887 1814 951 praeditus:
1857 886 1876 933 Ι

366 983 477 1032 137,
533 987 550 1017 1
605 966 705 1020 ἀλλ’
757 969 1006 1020 οἷποστέλλει
1057 969 1142 1032 (sc.
1194 969 1266 1019 τὸν
1318 970 1633 1037 Θεμιστοκλέα)
1671 968 1880 1038 βουλόμε·

358 1072 430 1102 νον
471 1054 528 1112 ὡς
568 1051 756 1120 βασιλέα
792 1054 1131 1119 πορευθῆναι
1165 1052 1228 1102 ἐπὶ
1260 1050 1338 1107 τὴν
1363 1051 1505 1120 ἑτέραν
1527 1049 1753 1102 θάλασσαν
1774 1058 1880 1118 πεζῇ

361 1134 401 1193 ἐς
453 1130 659 1184 Πύδνανε
713 1133 742 1180 i.
766 1149 808 1181 e.
859 1150 970 1180 curn
1019 1131 1171 1180 vellet
1221 1132 1546 1195 pervenire
1597 1133 1670 1180 ad
1707 1149 1880 1195 regern

363 1215 624 1263 Persarum
645 1234 652 1262 :
694 1214 828 1262 infin.
864 1231 966 1262 aor.
990 1213 1139 1261 finem
1160 1214 1342 1261 itineris
1361 1214 1571 1274 indicat3
1593 1214 1725 1262 idem
1746 1213 1881 1262 valet

360 1296 407 1343 in
454 1295 566 1344 loco
615 1297 657 1343 II
709 1300 789 1358 67,
838 1313 854 1343 1
902 1293 1109 1364 Ἀριστεὺς
1148 1299 1364 1364 Κορίνθιος
1402 1300 1477 1346 καὶ
1516 1298 1881 1364 Λακεδαιμονίων

361 1378 552 1447 πρέσβεις
598 1407 662 1413 —
702 1377 1064 1446 πορευόμενοι
1104 1377 1214 1440 (iter
1251 1377 1507 1441 facientes)
1547 1378 1587 1437 ἐς
1626 1376 1704 1434 τὴν
1738 1374 1883 1428 Ἀσίαν

363 1462 419 1519 ὡς
451 1460 639 1528 βασιλέα
669 1489 736 1494 --
769 1458 1045 1527 α’φικνοῦνται
1075 1461 1131 1519 ὡς
1159 1456 1374 1518 Σιτοῖλκην
1404 1469 1564 1528 πρῶτον
1585 1459 1656 1509 τὸν
1678 1459 1823 1526 Τήρεω
1844 1459 1885 1518 ἐς

365 1539 565 1609 Θρᾴκην,
612 1541 866 1609 βουλόμενοι
905 1570 972 1575 —
1011 1538 1226 1591 δι’ἐκείνου
1268 1544 1608 1609 πορευθῆναι
1644 1540 1776 1608 πέραν
1813 1545 1887 1590 τοῦ

364 1619 679 1680 Ἑλλησπόντου
710 1625 766 1682 ὡς
799 1620 1032 1689 Φαρνοίκην
1066 1626 1178 1681 κτλ.,
1213 1638 1363 1684 quem
1397 1622 1632 1669 aoristum
1658 1621 1728 1669 St.
1752 1631 1886 1669 recte

364 1703 512 1750 vertit
566 1703 699 1765 „ihre
749 1703 898 1751 Reise
936 1702 1186 1767 glucklich
1227 1702 1549 1763 vollenden’';
1587 1720 1684 1750 non
1726 1703 1886 1750 minus

365 1795 498 1832 recte
534 1785 608 1832 vis
647 1785 812 1833 aoristi
851 1784 1079 1833 effectiva
1119 1784 1337 1833 redditur
1368 1785 1592 1832 Boehmii
1625 1784 1884 1832 versione:

373 1866 655 1928 „beffirdert
692 1866 942 1915 werden''.

574 2094 671 2156 §a
714 2093 806 2140 De
845 2091 1245 2155 imperfecto
1283 2091 1679 2154 iterativol).

441 2216 655 2264 Primum
695 2214 885 2278 aliquot
921 2213 1058 2262 locos
1097 2231 1125 2262 e
1158 2214 1363 2262 diversis
1394 2212 1526 2260 libris
1559 2213 1886 2276 depromptos

367 2297 680 2346 laudabimus
718 2297 895 2360 quibus
934 2296 1276 2360 imperfectum
1315 2296 1575 2344 manifeste
1608 2296 1708 2343 vim
1741 2296 1886 2344 itera-

369 2379 524 2427 tivam
563 2378 776 2426 exhibet.
821 2378 935 2425 Huc
972 2377 1245 2441 pertinent:

444 2460 462 2506 I
503 2475 577 2518 12,
622 2476 638 2506 1
679 2461 760 2510 ἐπεὶ
793 2463 867 2509 καὶ
899 2456 1008 2527 μετὰ
1047 2456 1101 2509 τὰ
1143 2456 1316 2527 Τρωικὰ
1354 2462 1382 2514 ἡ
1415 2455 1574 2518 Ἑλλὰς
1607 2455 1663 2508 ἔτι
1697 2478 1888 2525 μεταν-

373 2540 561 2592 ίστατο
610 2562 653 2590 τε
703 2545 777 2591 καὶ
829 2544 1191 2608 κατῳκίζετοε
1251 2539 1459 2598 „Hellas
1509 2539 1672 2586 erfuhr
1723 2539 1888 2586 noch

373 2623 593 2669 immer
662 2638 788 2669 neue
859 2620 1314 2686 Niederlassungen
1382 2621 1482 2669 und
1546 2620 1885 2684 Begrijndung

376 2720 527 2751 neuer
565 2702 807 2750 Staaten''
850 2702 979 2766 (St).

429 2865 462 2911 1)
489 2866 542 2898 Cf.
569 2877 672 2908 supra
698 2877 732 2907 p.
761 2871 801 2906 25
831 2875 881 2907 sq.
